2992 5010
260 309 432 362 rxraacrs
458 308 554 361 raon
581 309 678 372 roaq
703 308 914 372 naorsraas3
941 308 1093 360 usuros.
1374 290 1396 360 9

95 479 288 542 canonicum
311 477 408 539 dictae
431 477 574 539 eccleaiae
596 481 714 545 nostrae
738 482 773 539 et
791 474 1049 558 praebendarium
1066 475 1246 557 praebendae
1270 483 1376 533 momen

96 574 137 636 de
160 571 351 654 Nounewyk
376 573 411 633 in
436 572 561 649 eadem,
584 571 671 654 quod
697 572 811 634 eodem
837 571 889 633 die
916 575 1115 653 compareret
1139 590 1245 633 coram
1270 542 1398 650 ζῖῗξῗζᾱ

95 670 189 733 nobis
210 670 247 731 in
269 668 372 731 forma
393 668 561 730 citacionis
583 671 701 730 nostrae
723 668 948 750 peremptoria
972 665 1160 749 hujusmodi
1183 668 1245 730 sibi
1270 662 1394 765 {iffi

95 764 200 843 iactae,
215 784 252 825 ac
267 762 404 825 titulum
427 766 461 825 et
482 762 592 825 literas
608 762 648 827 de
663 763 782 845 quibus
796 763 1010 845 premittitur
1023 782 1130 824 coram
1151 762 1245 825 nobis
1269 777 1354 824 aaron

24 843 31 858 ⁸
96 857 276 937 exhiberet,
290 856 455 939 nichilque
477 878 535 939 per
550 878 595 936 se,
609 878 670 919 nec
685 878 725 919 ex
738 861 831 940 parte
847 857 958 919 suade
977 857 1150 939 praemissis
1165 862 1245 919 tuuc

98 975 155 1018 seu
178 958 291 1036 postea
313 958 443 1015 ostenso
467 972 524 1015 seu
547 950 693 1014 exhibito
717 972 822 1015 coram
849 953 953 1030 uobis,
976 972 1173 1034 quamquam
1202 953 1244 1015 ad

96 1047 317 1112 exhibendum
337 1051 372 1109 ct
393 1046 631 1110 ostendendum
645 1051 725 1109 tunc
740 1067 845 1109 coram
859 1047 952 1109 nobis
968 1045 1154 1129 hujusmodi
1171 1067 1244 1110 suos

71 1218 74 1224 ,
96 1144 234 1207 titulum
253 1148 288 1205 et
308 1142 419 1204 literas
445 1142 471 1204 si
495 1162 574 1225 quos
598 1139 732 1204 haberet
755 1140 872 1204 fuisset
894 1162 967 1224 pars
990 1141 1062 1224 ejus
1086 1142 1186 1203 citata
1209 1147 1245 1204 et

95 1239 244 1324 legitime
258 1238 464 1320 praemunita,
478 1242 575 1319 prout
590 1257 646 1320 per
660 1236 922 1299 certificatorium
938 1242 1083 1299 vestrum
1100 1236 1192 1300 nobis
1207 1237 1243 1299 iu

95 1331 155 1396 hac
169 1338 260 1416 parte
274 1332 435 1394 directum
448 1331 578 1414 plenius
592 1333 713 1414 poterit
727 1352 889 1414 apparere.

162 1428 229 1490 Nos
245 1448 285 1490 ex
299 1425 375 1506 hiis,
391 1432 425 1489 et
440 1425 525 1488 fama
538 1428 669 1509 publica
683 1427 724 1488 ad
739 1424 799 1489 hoc
814 1428 996 1504 assistente,
1011 1432 1242 1510 praesumentes
1267 1436 1321 1493 we.
1331 1452 1383 1498 pre

96 1523 182 1606 quod
196 1523 305 1585 dictus
320 1520 460 1584 Thomas
475 1522 516 1583 de
539 1521 698 1585 Sabaudia
721 1519 822 1585 nichil
841 1521 925 1604 juris
940 1528 1020 1584 tunc
1043 1520 1160 1585 habuit
1183 1542 1242 1584 uec
1266 1498 1400 1602 ffiffh,

95 1617 196 1681 habet
217 1620 253 1679 iu
268 1615 440 1700 praebenda
458 1616 652 1698 supradicta,
665 1618 825 1699 praecipuc
840 1614 951 1703 (cum)
971 1637 1071 1700 penes
1094 1620 1241 1680 nostrum
1266 1614 1400 1718 {adalta

95 1715 272 1798 registrum
294 1710 397 1774 nichil
420 1712 605 1775 inveniatur
626 1712 667 1774 de
688 1712 823 1791 eisdem,
838 1712 928 1774 vobis
950 1713 1186 1775 committimus
1209 1717 1243 1775 et
1267 1686 1400 1785 andriae

96 1808 286 1871 mandamus
301 1807 456 1889 quatinus
471 1806 596 1869 dictum
611 1805 768 1869 Thomam
785 1806 826 1869 de
851 1806 1013 1870 Sabaudia
1026 1809 1242 1889 peremptorie
1266 1794 1352 1893 pppis
1362 1790 1400 1837 ‘il

96 1903 205 1965 citetis
233 1922 290 1965 seu
316 1903 408 1964 citari
428 1900 564 1978 faciatis,
586 1901 612 1964 si
636 1901 848 1984 personaliter
870 1901 1066 1977 inveniatur,
1088 1902 1152 1977 vel,
1173 1902 1244 1984 ipso

95 1998 241 2077 absente,
256 2003 494 2081 procuratorem
518 2016 614 2059 suum
641 1998 669 2059 si
693 2016 791 2079 quem
815 1996 977 2058 dimiserit
999 1997 1035 2057 iu
1057 1994 1118 2058 hac
1140 2001 1242 2079 parte.

96 2093 250 2174 Alioquin
273 2113 379 2155 coram
403 2093 490 2154 notis
513 2091 626 2154 amicis
650 2096 685 2156 et
708 2092 823 2154 vicinis
846 2091 923 2169 suis,
947 2096 981 2153 et
1006 2092 1182 2174 prasertim
1207 2092 1242 2153 in

97 2187 231 2250 ecclesia
260 2192 369 2249 nostra
392 2186 518 2269 Rypou‘
540 2186 704 2268 praedicta,
727 2186 890 2269 proposito
915 2186 1138 2268 peremptoriae
1162 2186 1243 2248 cita-

97 2283 197 2345 cionis
224 2281 329 2344 edicto
358 2281 445 2363 quod
474 2286 656 2364 compareat
685 2301 792 2344 coram
821 2280 913 2343 nobis
943 2281 995 2344 vel
1024 2282 1243 2344 commissario

96 2382 218 2455 nostro,
236 2382 295 2438 aut
316 2376 554 2453 commissoriis,
574 2375 722 2458 pluribus
744 2380 802 2439 aut
817 2394 894 2456 uuo,
909 2380 1024 2458 quarto
1045 2377 1098 2440 die
1121 2377 1242 2440 mensis
1266 2391 1389 2495 toanppm

96 2472 243 2535 Octobris
267 2491 355 2554 prox.
378 2471 489 2534 futuro
509 2491 567 2553 pro
591 2471 731 2535 termino
748 2473 880 2554 praeciso
901 2478 936 2534 et
958 2473 1184 2555 peremptorio,
1206 2473 1243 2537 iu
1266 2449 1400 2567 ξζοζέξῖ

95 2567 239 2630 manerio
265 2571 375 2629 nostro
400 2566 442 2629 de
468 2565 585 2649 Thorp'
609 2566 707 2649 juxta
731 2567 838 2647 Ebor.,
864 2587 993 2630 causam
1015 2568 1241 2631 racionabilem
1265 2567 1388 2673 mlh

96 2683 193 2745 quam
217 2667 252 2725 et
276 2660 430 2744 quicquid
448 2660 533 2743 juris
556 2666 592 2725 et
613 2664 804 2725 canonicum
827 2684 885 2745 pro
909 2684 943 2727 se
966 2661 1128 2742 habuerit,
1143 2684 1242 2746 quare

95 2760 205 2841 ipsum
220 2756 321 2820 nichil
332 2758 417 2840 juris
432 2777 490 2838 pro
506 2777 539 2819 se
554 2755 672 2820 habere
687 2759 841 2841 reputari,
856 2765 891 2821 et
905 2779 925 2820 a
938 2759 1035 2822 dictis
1050 2761 1242 2822 canonicatu

96 2859 132 2916 et
153 2852 334 2936 praebenda,
355 2873 435 2934 quos
456 2853 497 2915 de
520 2851 605 2915 sacto
627 2857 732 2931 tenet,
747 2853 882 2915 minime
907 2853 1025 2916 debeat
1043 2855 1184 2916 amoveri
1205 2854 1242 2915 in

95 2948 198 3010 forma
207 2947 292 3030 juris
307 2952 506 3026 ostensurus,
521 2948 752 3031 propositurus,
767 2969 804 3011 ac
819 2953 979 3031 quatenus
997 2948 1126 3030 justum
1141 2947 1242 3011 fuerit

94 3044 299 3125 probaturus,
307 3043 452 3106 facturus
465 3043 604 3106 ulterius
620 3048 655 3107 et
668 3048 855 3127 recepturus
870 3045 956 3125 quod
971 3044 1149 3106 secundum
1160 3064 1242 3126 prae·

95 3139 267 3200 missorum
279 3138 471 3220 qualitatem
487 3144 522 3201 et
533 3144 681 3201 naturam
696 3139 856 3201 canonicis
871 3139 1057 3200 convenerit
1067 3139 1241 3218 institutis,

96 3237 130 3293 et
141 3232 274 3313 justicia
290 3233 447 3296 suadebit.
484 3235 676 3296 Termiuum
687 3254 762 3296 vero
772 3232 1026 3315 peremptorium
1035 3233 1239 3314 praedictum,

96 3346 171 3386 cum
197 3326 275 3388 facti
300 3327 449 3408 qualitas,
476 3333 510 3391 ct
540 3330 677 3392 evitacio
706 3329 841 3412 periculi
863 3329 1054 3406 animarum,
1080 3326 1240 3410 dictaeque

96 3421 276 3502 praebendae
299 3422 436 3485 diutinae
454 3425 632 3487 vacaciouis
656 3425 863 3507 dispendium
887 3424 920 3485 id
945 3428 1127 3505 exposcant,
1141 3443 1179 3485 ac
1201 3443 1240 3486 ex

95 3517 169 3577 aliis
185 3517 291 3578 causis
305 3517 462 3600 legitimis
483 3519 518 3580 iu
542 3525 663 3582 eventu
687 3521 715 3582 si
739 3539 869 3582 necesse
892 3517 992 3581 fucrit
1013 3518 1239 3581 declarandum

95 3613 141 3673 sic
162 3611 313 3676 duximus
328 3612 572 3693 moderandum,
595 3615 636 3677 de
650 3614 704 3678 die
719 3636 794 3677 vero
809 3615 1004 3696 recepcionis
1018 3617 1241 3697 praesencium,

95 3712 130 3769 et
155 3708 313 3770 citacione
342 3707 438 3787 facta,
468 3731 505 3772 ac
535 3710 675 3791 qualiter
703 3729 842 3791 praeseus
871 3709 1063 3772 mandatum
1091 3714 1240 3773 nostrum

92 3802 222 3865 fueritis
247 3804 385 3880 executi,
404 3825 474 3880 nos,
492 3804 748 3892 commissarium
770 3808 829 3866 aut
851 3805 1085 3867 commissarios
1104 3812 1239 3886 nostros,

94 3918 197 3960 unum
213 3898 264 3959 vel
279 3898 398 3979 plures,
413 3899 569 3962 distincta
585 3904 619 3963 et
627 3905 738 3982 aperte
754 3901 835 3963 citra
849 3901 975 3964 dictum
989 3900 1077 3963 diem
1091 3900 1240 3984 legitime

92 3992 279 4054 certificetis
304 4013 362 4072 per
385 3998 508 4056 vestras
532 3994 644 4057 literas
670 3999 832 4077 patentes,
856 3993 971 4058 harum
997 3995 1113 4057 seriem
1137 3997 1240 4059 conti-

92 4092 220 4148 nentes.
265 4086 392 4148 Valcte.
436 4088 511 4149 Dat.
537 4088 624 4170 apud
650 4088 767 4172 Thorp'
789 4088 886 4172 juxta
914 4091 1010 4154 Ebor.
1039 4089 1108 4173 xiiij
1134 4091 1240 4156 Kal’n.

92 4183 177 4266 Aug.
193 4183 288 4243 Anno
302 4180 435 4243 Domini
449 4181 625 4246 millesimo
639 4205 701 4248 ccc.
717 4185 828 4267 xxviij,
843 4188 876 4247 et
891 4191 981 4267 pont.
997 4187 1099 4249 nostri
1113 4185 1170 4269 xj0.

160 4369 274 4453 Popol
294 4368 472 4455 prosaica
488 4371 549 4455 sos·
570 4373 637 4438 Mr.
660 4372 781 4438 Robert
803 4373 843 4437 de
865 4373 1103 4460 Bmktel'mqton
1124 4373 1166 4440 ia
1189 4373 1240 4441 tto
1265 4382 1322 4446 (⁹²)

160 4480 233 4528 vor..
249 4481 284 4527 11.
661 4485 685 4532 a
