2992 5010
90 295 162 367 164
624 307 830 361 unuoarms
854 307 900 359 or
924 306 1044 359 arros.

89 491 240 552 gioryorom
264 485 300 543 et
328 480 398 542 Deo
426 479 554 541 assidue
584 477 829 553 famulancium,
850 476 891 538 ad
920 475 1103 537 animarum
1126 475 1277 549 salutem,
1299 473 1414 556 populi

89 556 211 669 {iffi
263 576 474 639 devocionem
500 575 721 651 excitandum,
746 593 783 635 ac
809 572 969 635 ortodoxae
991 572 1068 633 fidei
1098 573 1348 647 incrementum,
1372 571 1415 633 ab

264 673 401 754 antiquo
415 670 530 733 multis
547 671 696 752 expensis
711 672 896 731 constructa
917 674 953 729 et
974 668 1086 729 dotata
1100 667 1218 744 fuerat,
1234 687 1322 728 nunc
1338 686 1415 729 vero

265 767 390 846 eadem,
410 773 485 831 tum
506 773 640 849 propter
661 768 860 827 vetustatem
882 769 954 825 tum
977 768 1108 845 propter
1129 762 1348 838 inscienciam,
1362 762 1417 822 in-

264 865 400 941 curiam,
415 869 450 925 et
464 862 701 945 necligenciam
722 859 885 922 artificum
907 879 979 921 eam
1001 860 1100 921 inicio
1122 858 1363 934 fabricancium,
1377 877 1416 919 ac

264 965 438 1022 ventorum
460 959 615 1040 impetus,
632 956 925 1039 ingruenciumqus
947 954 1160 1036 procellarum
1182 953 1330 1016 turbines
1344 954 1415 1014 vio-

263 1054 380 1132 lentas,
409 1055 446 1117 in
475 1053 639 1136 lapidibus
666 1056 701 1114 et
727 1051 827 1135 lignis
857 1051 924 1113 suis
954 1051 1034 1112 adeo
1062 1056 1223 1132 corrupta,
1252 1055 1415 1131 quassata,

264 1149 413 1225 lacerata,
437 1154 472 1210 et
496 1148 599 1210 fracta
621 1147 777 1224 cernitur,
799 1146 885 1229 quod
907 1146 948 1208 ad
970 1147 1099 1207 ruinam
1121 1153 1155 1208 et
1177 1145 1414 1207 desolacionem

264 1247 451 1322 maximam,
466 1244 552 1326 quod
567 1244 725 1321 dolenter,
739 1262 806 1304 non
829 1243 899 1304 sine
914 1244 1042 1324 magnis
1057 1242 1215 1323 suspiriis,
1230 1239 1414 1318 referimus,

230 1365 236 1372 ·
263 1341 299 1402 in
329 1341 472 1422 proximo
503 1337 590 1402 haud
619 1337 718 1400 dubie
748 1338 930 1400 deventura
958 1343 1021 1414 est,
1043 1339 1119 1412 nisi,
1142 1337 1260 1398 Divina
1280 1337 1413 1399 favente

263 1435 451 1513 clemencia,
466 1434 648 1496 remedium
657 1433 760 1496 celere
775 1439 811 1495 et
821 1439 1015 1516 oportunum
1029 1434 1063 1493 in
1075 1452 1114 1493 ea
1128 1440 1218 1514 parte
1228 1435 1412 1515 appositum

263 1531 307 1593 sit
339 1537 374 1592 et
404 1531 568 1613 provisum
598 1529 716 1607 eidem,
746 1530 925 1590 caritativis
959 1527 1227 1592 Christifidelium
1263 1529 1414 1591 subsidiis

263 1626 477 1689 subveniatur
506 1646 582 1687 cum
608 1625 782 1688 facultates
808 1624 850 1687 ad
879 1625 914 1686 id
944 1630 1163 1686 astructorum
1193 1627 1258 1686 nisi
1281 1625 1412 1686 divinus

261 1722 372 1785 cultus
409 1723 501 1805 quasi
530 1723 566 1784 in
597 1710 667 1784 toto
696 1721 868 1784 tolleretur
904 1740 963 1782 seu
999 1719 1142 1781 multum
1172 1721 1414 1783 diminueretur

86 1832 218 1880 witern
261 1815 327 1879 hiis
349 1817 463 1880 diebus
485 1837 552 1880 non
572 1817 755 1892 sufficiant;
777 1817 845 1880 Nos
859 1837 936 1878 vero
950 1821 1045 1879 tanto
1066 1817 1246 1878 discrimini
1269 1818 1414 1899 paternis

85 1893 221 2013 {ffifpffl
260 1913 432 1976 affectibus
457 1914 639 1996 prospicere
662 1913 860 1991 censuimus,
883 1917 928 1989 et,
951 1912 1176 1995 spiritualibus
1199 1913 1319 1995 quibus
1339 1933 1414 1995 pos·

83 2024 182 2059 ’Μ
261 2031 376 2073 sumus
405 2011 511 2087 donis,
538 2010 790 2073 misericorditer
820 2029 1015 2087 succurrere,
1046 2015 1187 2071 vestram
1217 2011 1414 2072 universita-

84 2091 210 2252 {iffi‘m
259 2110 328 2169 tem
350 2107 557 2188 requirimus,
579 2125 741 2189 rogamus,
764 2109 799 2166 et
820 2103 989 2167 hortamur
1018 2105 1052 2166 in
1083 2105 1235 2182 Domino,
1257 2106 1413 2187 quatinus

94 2210 227 2279 avocably
260 2222 336 2264 cum
363 2203 431 2264 veri
454 2207 677 2284 procuratores
701 2201 769 2262 sive
793 2200 905 2262 nuncii
930 2200 1072 2262 ecclesiae
1096 2200 1274 2284 collegiata
1301 2200 1413 2262 Sancti

83 2270 211 2373 min
261 2297 404 2358 Wilfrr'di
428 2296 546 2379 Ripon’
571 2296 743 2358 antedictas
768 2295 809 2357 ad
839 2315 895 2357 vos
919 2315 978 2357 seu
1000 2295 1069 2357 loca
1090 2302 1198 2358 vestra
1219 2297 1413 2358 accesserint

84 2383 177 2430 Μ’*
260 2391 408 2454 fidelium
430 2390 621 2453 elemosinas
643 2391 791 2473 petituri,
813 2391 892 2453 licet
913 2390 1209 2454 archidiaconorum
1226 2397 1411 2454 nostrorum

262 2508 321 2550 seu
350 2487 537 2549 officialium
563 2487 740 2550 eorundem
760 2493 1013 2571 caeterarumque
1039 2488 1307 2571 jurisdiccionum
1337 2509 1412 2550 cus·

259 2582 375 2646 todum
390 2601 671 2665 quorumcumque
685 2581 798 2644 literas
812 2603 1016 2666 nequaquam
1031 2582 1173 2647 habeant
1187 2587 1223 2646 in
1239 2583 1298 2646 hac
1307 2591 1411 2667 parte,

82 2700 173 2804 qaam,
261 2684 338 2741 ante
349 2678 429 2740 alios
438 2683 614 2760 quaestores
624 2697 833 2761 quoscunque
842 2678 1054 2742 admissorum
1063 2680 1115 2742 vel
1124 2681 1411 2758 admittendorum,

82 2759 225 2864 ,osslgffl'ffl
260 2773 481 2837 favorabiliter
504 2773 668 2857 recipiatis
690 2779 726 2837 et
751 2774 957 2851 admittatis;
981 2776 1162 2860 privilegia,
1185 2777 1412 2860 indulgencias

83 2876 218 2935 dulsww·
262 2870 403 2953 praefatae
427 2869 570 2932 ecclesiae
593 2870 771 2955 collegiatae
802 2869 912 2933 Sancti
936 2870 1078 2933 Wiliridi
1100 2871 1218 2955 Ripon’
1239 2874 1412 2935 antedictae

261 2966 381 3050 populo
395 2966 486 3028 vobis
501 2967 672 3029 commisso
687 2967 855 3049 exponatis
870 2972 905 3028 et
919 2967 1103 3049 publicetis,
1115 2989 1152 3029 ac
1167 2989 1223 3051 per
1238 2970 1368 3032 eosdem
1378 2974 1413 3031 et

262 3083 373 3126 eorum
388 3059 469 3144 (stc)
485 3082 544 3123 seu
564 3082 675 3124 eorum
691 3063 834 3146 aliquem
849 3063 965 3144 exponi
981 3068 1015 3124 et
1029 3062 1187 3145 publicari
1201 3065 1413 3148 permittatis,

260 3159 407 3241 illudque
422 3160 521 3240 pium
541 3159 713 3241 negocium
727 3159 824 3221 serbo
839 3159 959 3240 pariter
974 3163 1008 3220 et
1023 3161 1171 3241 exemplo
1188 3166 1413 3242 promoveatis,

260 3256 451 3318 mandantes
474 3255 612 3316 firmiter
637 3253 840 3338 injungendo
868 3254 1024 3336 quatinus
1053 3255 1140 3336 quod
1170 3276 1210 3317 ex
1238 3256 1413 3320 devocione

260 3350 407 3413 fidelium
438 3352 473 3411 in
505 3349 564 3411 hac
587 3357 677 3432 parte
709 3350 861 3412 collatum
884 3349 983 3412 fuerit
1014 3371 1071 3413 seu
1094 3351 1251 3434 legatum,
1275 3353 1309 3415 id
1331 3353 1411 3435 ipsis

260 3444 519 3527 procuratoribus
542 3465 599 3506 seu
624 3464 737 3506 eorum
759 3445 856 3506 alicui
880 3445 1005 3507 faciatis
1029 3446 1178 3509 celeriter
1207 3452 1242 3510 et
1270 3447 1412 3511 fideliter

260 3541 400 3602 liberari.
446 3539 501 3617 Et,
524 3544 562 3601 ut
584 3546 711 3601 mentes
733 3544 854 3602 vestras
877 3546 911 3601 et
932 3540 1067 3603 aliorum
1089 3541 1355 3606 Christifidelium
1370 3544 1411 3606 ad

261 3635 425 3718 praemissa
446 3634 637 3716 propencius
653 3634 842 3711 excitemus,
856 3635 897 3697 de
919 3634 980 3698 Dei
996 3636 1239 3721 Omnipotentis
1252 3640 1413 3701 immensa

263 3731 481 3792 misericordia
511 3735 545 3790 et
574 3729 776 3791 Beatissimae
805 3730 917 3792 Mariae
948 3732 1092 3816 Virginis
1122 3736 1238 3797 Matris
1269 3756 1345 3813 suae,
1375 3757 1413 3798 ac

264 3825 439 3887 Beatorum
463 3825 553 3887 Petri
568 3829 604 3886 et
619 3823 714 3886 Pauli
729 3825 957 3907 Apostolorum
972 3826 1055 3910 ejus,
1078 3850 1203 3893 necnon
1227 3836 1412 3893 sanctorum

262 3920 478 3982 confessorum
494 3918 660 3997 Willelmi,
672 3920 694 3983 J
695 3917 841 3998 ohannis,
853 3927 888 3982 et
898 3921 1051 4002 Wilfridi,
1063 3932 1271 4007 patronorum
1285 3933 1414 3989 nostro-

262 4037 347 4093 rum,
367 4018 580 4098 omniumque
605 4016 797 4078 Sanctorum
821 4019 945 4080 meritis
969 4026 1004 4082 et
1028 4021 1178 4102 precibus
1199 4022 1411 4101 confidentes,

261 4112 388 4174 cunctis
404 4111 603 4175 Christicolis
617 4133 674 4195 per
690 4117 815 4175 nostras
838 4114 1017 4193 civitatem,
1036 4118 1212 4195 dioecesim,
1233 4122 1268 4179 et
1282 4119 1412 4200 provin-

262 4211 345 4271 ciam
361 4208 455 4271 Ebor.
476 4208 616 4271 ubilibet
631 4210 829 4287 constitutis,
845 4216 880 4273 et
897 4210 970 4273 aliis
988 4232 1124 4293 quorum
1139 4213 1310 4276 dioecesani
1326 4212 1412 4277 hanc

262 4310 405 4367 nostram
428 4305 669 4388 indulgenciam
684 4311 788 4368 ratam
804 4304 979 4368 habuerint
993 4309 1114 4388 pariter
1129 4315 1164 4371 et
1177 4317 1353 4391 acceptam,
1368 4310 1410 4374 de

262 4403 399 4488 peccatis
409 4403 475 4464 suis
487 4421 561 4464 vere
570 4401 815 4484 poenitentibuS,
829 4403 989 4482 contritis,
1002 4409 1036 4465 et
1044 4403 1207 4481 confessis,
1216 4406 1273 4486 qui
1282 4404 1410 4469 fabricae
