2992 5010
632 349 841 439 nauculam
865 350 911 402 OF
937 349 1059 402 RIPON.

260 540 318 601 per
333 521 589 604 resignacionem
605 520 738 582 Patricii
761 519 918 581 antedicti
941 517 1074 601 praefato
1099 516 1232 579 domino
1259 513 1417 577 Nicbolao

260 615 457 678 contulimus
474 618 599 679 intuitu
622 617 777 691 caritatis,
792 621 888 697 prout
911 636 1037 696 semper
1059 611 1217 675 hactenus
1240 613 1417 694 praedeces·

261 733 348 774 sores
363 715 465 774 nostri
480 714 606 775 dictum
621 710 780 793 hospitale
795 717 953 794 tanquam
976 709 1144 793 spirituale
1160 715 1195 770 et
1217 714 1416 789 perpetuum

260 808 454 870 beneficium
470 808 614 871 conferre
630 808 774 889 personis
796 808 920 870 idoneis
943 810 1191 869 consueverunt.
1238 803 1416 867 conservet

261 925 316 966 vos
332 905 473 966 ecclesiae
489 911 525 966 et
548 904 666 987 populo
682 924 740 964 suo
765 902 855 964 Deus
879 925 936 986 per
957 909 1103 983 tempora
1128 900 1288 983 longiora.
1341 899 1415 961 Dat.

260 1000 346 1081 apud
362 1000 513 1082 Wylton’,
531 999 586 1082 viij
604 1000 654 1063 Id.
665 999 760 1061 Febr.
777 999 870 1061 Anno
884 999 999 1081 graciae
1015 998 1141 1058 M⁰ccc⁰
1155 1003 1280 1058 octavo.

328 1142 409 1206 nob.
448 1143 488 1206 dc
519 1141 692 1224 ll'nnewyk
721 1141 794 1206 arad
824 1141 947 1207 Simon
983 1140 1098 1203 ilerde
1128 1138 1318 1225 appointed
1348 1091 1440 1201 onev

260 1238 407 1303 Jnsticea
423 1239 461 1323 of
480 1239 597 1301 Assize
617 1238 658 1301 in
674 1237 725 1302 the
741 1237 874 1322 Liberty
890 1239 929 1323 os
944 1238 989 1301 ln·
988 1259 1072 1323 pon.
1118 1239 1244 1299 Burton
1259 1237 1342 1298 Mar.
1359 1238 1414 1312 24,

265 1340 349 1398 1308
367 1337 502 1397 finiente
518 1334 683 1419 (1308-9)
699 1344 732 1399 a⁰
747 1337 802 1399 4¹⁰.

329 1481 369 1543 R.
386 1479 426 1542 de
442 1479 593 1564 Pontesr.
610 1501 675 1542 our
684 1477 797 1562 boitc'ff
802 1481 841 1543 ad
852 1481 983 1563 petend.
994 1487 1028 1541 et
1039 1479 1212 1561 recipiend.
1227 1478 1414 1540 libertatem

263 1585 407 1640 nostram
431 1579 546 1661 Rypon
571 1580 605 1639 in
632 1579 783 1640 omnibus
805 1579 932 1660 placitis
955 1585 989 1640 et
1015 1577 1162 1659 loquelis,
1179 1585 1242 1639 etc.
1288 1575 1414 1636 Burton

258 1674 355 1758 juxta
382 1675 508 1736 Beverl.
525 1675 606 1737 Mar.
624 1678 677 1752 24,
696 1678 779 1736 1308
797 1675 931 1736 finiente
955 1670 1120 1757 (1308-9)
1143 1680 1178 1735 et
1202 1677 1293 1755 pont.
1310 1668 1342 1734 a⁰
1358 1671 1413 1733 4²⁰.

262 1769 363 1832 Mem.
380 1770 418 1854 os
431 1769 521 1833 letter
537 1775 568 1832 to
585 1767 700 1852 baile'ff
709 1791 814 1854 snper
824 1768 1027 1854 praenciaaia.

331 1913 557 1979 Oomnn'ssion
589 1920 620 1976 to
651 1912 773 1979 Simon
801 1914 899 1977 Wnrd
929 1913 1001 1977 cml
1028 1911 1103 1975 Pto.
1127 1912 1167 1975 de
1198 1911 1350 1976 uictam
1374 1934 1413 1976 cs

261 2011 418 2077 Jcettcec.
464 2012 587 2088 Cawod,
602 2011 682 2093 July
701 2015 751 2088 ll,
770 2016 865 2075 1309.
912 2012 1007 2073 Pont.
1023 2013 1055 2072 a⁰
1071 2016 1115 2072 4⁰.

330 2155 555 2220 Commission
576 2154 637 2238 for·
658 2176 707 2218 aaa
732 2153 837 2218 casiae
860 2161 896 2218 ct
924 2154 1051 2239 Ripon.
1089 2153 1225 2236 Birkyn‚
1250 2155 1331 2237 July
1359 2159 1413 2229 21,

265 2255 363 2315 1309.

330 2390 431 2452 Mem.
446 2390 487 2450 de
502 2390 633 2451 domino
650 2388 782 2451 Simone
798 2390 925 2466 Warde,
942 2389 1059 2466 milite,
1084 2409 1180 2470 super
1201 2388 1296 2469 lapsu
1311 2388 1413 2449 carnis

262 2507 337 2547 cum
352 2486 483 2546 domina
506 2483 656 2548 Johanna
670 2486 710 2546 de
735 2486 926 2547 Corewcune
949 2485 1126 2547 diffamato.
1172 2484 1224 2546 He
1246 2483 1414 2545 confessed

263 2582 327 2644 and
345 2582 504 2663 promised
516 2582 738 2658 amendment,
754 2583 817 2643 and
833 2588 868 2643 to
882 2583 974 2642 avoid
991 2581 1034 2642 all
1051 2580 1220 2662 suspected
1236 2580 1355 2662 places,
1371 2600 1413 2640 on

263 2680 340 2760 pain
355 2677 391 2738 oi
408 2679 528 2759 paying
544 2675 611 2739 201.
626 2684 662 2738 to
677 2674 734 2737 the
750 2676 848 2738 fabric
864 2678 899 2739 of
919 2675 976 2738 the
993 2674 1121 2739 (burch
1137 2676 1173 2737 of
1191 2675 1292 2752 Yorlr,
1308 2672 1412 2736 which

263 2772 304 2835 he
322 2794 418 2835 swore
434 2782 468 2834 to
483 2794 556 2855 pay,
571 2773 614 2855 by
630 2772 771 2854 corporal
787 2772 874 2835 nath.
921 2773 1012 2855 Sept.
1029 2777 1083 2849 21,
1103 2774 1198 2834 1309.

331 2917 557 2982 Commission
573 2924 605 2981 to
627 2917 669 2980 N.
693 2916 733 2979 de
747 2916 936 2999 Bondepntc
951 2917 1023 2980 ond
1043 2917 1127 2982 Witl.
1144 2915 1184 2980 de
1199 2915 1412 2998 Pontebnrpo

264 3020 296 3078 to
312 3013 450 3099 enquirc
465 3013 650 3098 respectinp
665 3012 748 3097 pista
764 3013 836 3076 und
852 3013 987 3096 lepucics
997 3013 1059 3097 for
1073 3012 1206 3098 repaire
1222 3012 1261 3096 os
1273 3011 1407 3096 brtdqea

263 3111 304 3175 in
321 3110 370 3175 tle
386 3110 519 3194 Liberty
534 3111 573 3195 os
585 3110 713 3195 Ripon.
759 3110 954 3184 Munketon,
971 3110 1060 3193 Sept.
1077 3114 1131 3188 22,
1150 3112 1247 3172 1309.

331 3311 396 3373 Suo
419 3310 540 3370 decano
557 3307 682 3389 Ripon‘,
698 3307 848 3382 salutem,
863 3311 924 3367 etc.
971 3306 1054 3380 Quia
1076 3307 1278 3368 intendimus
1302 3304 1412 3388 hospi-

263 3408 340 3468 talia
365 3407 473 3466 Beatse
498 3405 609 3464 Mariae
635 3402 837 3485 Magdalenae
860 3407 894 3462 et
920 3401 1012 3463 Beati
1031 3400 1189 3464 Johannis
1210 3402 1328 3484 Ripon’
1350 3400 1411 3464 hae

265 3502 401 3562 instanti
439 3501 492 3560 die
524 3500 657 3559 Veneris
688 3499 722 3558 in
753 3499 890 3559 crastino
921 3498 1030 3560 Sancti
1061 3497 1230 3561 Michaelis
1261 3519 1320 3580 per
1350 3498 1411 3560 Dei

264 3597 403 3679 graciam
428 3595 568 3669 visitare,
584 3593 645 3653 tibi
669 3593 858 3653 mandamus
881 3595 1033 3674 quatinus
1060 3595 1230 3678 magistros
1257 3615 1315 3655 seu
1340 3615 1412 3655 cus·

264 3694 354 3754 uides
370 3691 530 3751 dictorum
554 3686 774 3768 hospitalium,
790 3707 825 3748 ac
848 3689 1049 3770 praesbiteros
1071 3689 1271 3752 celebrantes
1293 3691 1329 3751 in
1353 3692 1409 3767 eis,

150 3803 155 3813 ·
264 3808 390 3849 necnon
416 3784 470 3867 viij
497 3786 581 3845 viros
604 3784 784 3866 fidedignos
808 3783 849 3845 de
871 3806 936 3847 una
959 3792 1049 3868 parte
1074 3786 1158 3848 villae
1181 3786 1307 3868 Ripon’,
1331 3808 1410 3868 quos

85 3933 97 3961 ,
140 3935 202 3963 M„
264 3884 388 3945 caeteris
419 3880 569 3963 praeferat
600 3880 708 3961 opinio
738 3881 972 3960 commendata,
1002 3903 1127 3944 necnon
1157 3882 1296 3944 totidem
1327 3884 1411 3944 viros

103 3979 200 4082 ‘1⁰:1¹5‘
265 3980 443 4060 fidedignos
460 3998 498 4038 ex
515 3976 577 4038 alia
600 3982 690 4058 parte
715 3975 799 4038 villae
822 3975 938 4059 Ripon’
953 3978 1035 4040 nulli
1060 3984 1235 4061 suspectae,
1250 3999 1309 4060 per
1331 4000 1410 4060 quos

173 4070 178 4082 '
265 4082 370 4138 status
392 4075 552 4136 dictorum
575 4071 784 4154 hospitalium
810 4077 845 4134 et
866 4072 1067 4136 fundacionis
1091 4075 1266 4137 eorundem
1293 4077 1410 4137 melius

263 4173 336 4233 sciri
352 4171 473 4252 poterit
487 4176 522 4231 et
537 4171 669 4251 inquiri,
685 4171 766 4231 cites
783 4170 834 4231 vel
856 4171 948 4231 citari
956 4170 1060 4232 iacias
1083 4172 1309 4253 peremptorie,
1325 4171 1410 4253 quod

261 4270 296 4329 in
313 4267 408 4328 dictis
424 4264 635 4347 hospitalibus
651 4264 737 4327 dicto
753 4265 806 4325 die
829 4265 964 4327 Veneris
987 4286 1093 4328 coram
1108 4268 1202 4330 nobis
1218 4266 1269 4328 vel
1286 4267 1410 4329 clericis

261 4364 380 4424 nostris
395 4361 608 4423 familiaribus
624 4361 665 4422 ad
681 4358 740 4421 hoe
765 4380 823 4441 per
843 4380 902 4421 nos
925 4361 1108 4442 specialiter
1122 4363 1298 4445 deputatis,
1321 4383 1410 4424 corn·

260 4464 396 4541 pareant
419 4459 623 4539 tempestive,
639 4457 860 4518 visitacionem
883 4462 1025 4520 nostram
1048 4459 1163 4522 devote
1180 4468 1213 4522 et
1240 4457 1411 4521 humiliter
