2992 5010
620 334 827 386 MEMORIALS
852 335 897 386 OF
923 333 1043 387 Rieox.

259 497 396 563 fratrum
428 524 561 566 assensu
593 505 725 566 statutis
755 502 795 565 ad
829 501 889 565 hoc
926 503 1023 564 certis
1052 500 1203 561 terminis
1233 498 1412 581 levaretur,

259 598 391 679 quidam
408 606 517 664 tamen
536 607 680 663 vestrum
705 599 882 661 secundum
898 600 1099 661 taxacionem
1120 640 1129 657 .
1153 641 1162 656 .
1187 641 1195 657 .
1220 594 1412 661 .hactenus

260 699 300 754 ut
315 697 499 778 accepimus
521 718 586 760 non
611 697 776 772 solverint,
791 715 986 778 quamquam
1003 693 1059 755 alii
1074 699 1224 775 prompte
1240 692 1412 757 solverunt

261 792 347 873 quod
371 793 543 871 debebant,
566 794 715 876 quocirca
728 791 818 853 vobis
833 792 979 853 districte
994 787 1230 873 in(jungimus)
1253 791 1413 870 quatinus

261 889 372 950 omnia
398 889 522 972 praefati
554 890 689 953 subsidii
718 889 877 972 arreragia
906 889 946 950 de
976 885 1136 948 fructibus
1161 884 1412 965 praebendarum

262 983 391 1046 illarum
408 1006 465 1070 pro
479 986 597 1069 quibus
612 991 714 1052 restat
729 985 849 1049 solucio
864 983 1011 1045 facienda
1025 1002 1100 1043 cum
1115 980 1282 1043 celeritate
1299 1026 1308 1043 .
1332 1026 1342 1043 .
1368 1027 1377 1043 .
1403 1027 1412 1044 .

263 1098 432 1142 censuram
452 1082 703 1151 ecclesiasticam
721 1081 846 1150 faciatis
862 1080 973 1157 levari,
989 1085 1024 1140 et
1038 1080 1073 1139 in
1088 1098 1167 1139 usus
1183 1076 1311 1139 sabriooe
1326 1098 1412 1160 prae-

263 1175 358 1237 dicim
369 1179 525 1240 converti.
557 1179 647 1241 Bene
658 1180 773 1241 valete.
812 1178 888 1240 Dat.
900 1177 986 1259 apud
997 1173 1207 1252 Moneketon,
1224 1173 1263 1236 Id
1265 1219 1412 1239 .....

261 1273 474 1356 nonagesimo
491 1277 641 1358 septimo.

389 1530 579 1587 REGISTER
602 1532 651 1588 OF
676 1533 761 1586 ABP.
787 1529 1014 1586 OORBRIDGE.
1051 1543 1106 1587 sp.
1127 1528 1295 1583 leae-1303.

88 1653 200 1763 mu
332 1636 522 1701 Reverendo
544 1641 627 1722 patri
643 1641 677 1701 in
694 1637 824 1702 Christo
839 1636 981 1714 Thomae,
996 1636 1057 1697 Dei
1073 1636 1179 1719 gracia
1194 1631 1415 1792 libonsarcbi-

266 1733 372 1795 eisco
531 1737 537 1750 '
623 1737 629 1750 '
705 1737 711 1749 ‘
876 1740 970 1795 votus
985 1733 1118 1794 cericus
1134 1732 1183 1793 Ro
1206 1752 1280 1792 erus
1321 1751 1367 1791 wa
1390 1751 1413 1793 n

89 1733 1104 1915 1filtghrin'o‘ncalnonilllr’sAllgpldhlnsalllrlderhuuestdham,debitam
1133 1752 1231 1908 qugm
1261 1750 1413 1889 devotaym

90 1912 227 2021 {xmo
266 1925 500 2005 obedienciam,
531 1929 760 2005 reverenciam,
790 1932 825 1988 et
854 1924 1019 1987 honorem.
1064 1925 1092 1988 A
1122 1922 1212 1985 vobis
1242 1942 1348 2003 nuper
1378 1921 1414 1982 in

90 1986 243 2094 &borgal
267 2025 428 2086 mandatis
449 2028 565 2108 recepi,
582 2026 668 2108 quod
693 2024 890 2107 investigata
904 2021 1033 2104 plenius
1049 2021 1197 2096 veritate,
1212 2019 1240 2080 si
1255 2019 1321 2080 xv‘0
1338 2017 1413 2080 Kal.

266 2120 371 2197 Junii,
398 2122 606 2203 pontificatus
633 2122 757 2184 domini
782 2119 939 2182 Bonifacii
970 2138 1060 2200 papae
1083 2112 1163 2200 viij‘¹
1185 2136 1270 2177 anno
1300 2115 1335 2196 iij
1361 2113 1413 2175 vel

266 2219 488 2299 postmodum,
513 2218 686 2300 praebenda
707 2218 816 2298 aliqua
839 2217 873 2277 in
901 2214 1089 2297 Ryponenci
1116 2211 1241 2274 vacavit
1267 2211 1414 2287 ecclesia,

266 2308 344 2376 licet
359 2313 460 2392 ipsius
476 2315 670 2394 possessioni
685 2313 801 2395 aliquis
818 2311 1003 2373 incubuerit
1018 2310 1069 2372 vel
1085 2309 1264 2386 incumbat,
1274 2307 1415 2389 qualiter

267 2409 302 2466 ct
317 2426 336 2465 a
351 2427 415 2487 quo
431 2413 575 2490 tempore
592 2430 649 2471 seu
666 2409 774 2490 siqua
796 2429 882 2470 nunc
899 2411 989 2469 vacet
1011 2407 1077 2468 sive
1094 2427 1158 2467 una
1173 2405 1241 2466 sive
1256 2403 1365 2486 plures
1380 2407 1415 2465 et

268 2500 421 2580 quicquid
448 2504 593 2565 invenire
616 2510 739 2586 potero,
756 2504 845 2566 vobis
868 2504 1022 2565 distincte
1048 2507 1082 2564 et
1106 2505 1217 2583 aperte
1240 2498 1414 2562 rescribere

269 2614 335 2657 non
350 2598 522 2661 tardarem.
569 2600 672 2683 Super
694 2600 812 2681 quibus
835 2601 875 2661 de
898 2599 986 2660 omni
1009 2604 1101 2680 parte
1116 2602 1211 2679 prout
1232 2596 1324 2677 potui
1339 2594 1414 2657 dili-

269 2697 386 2773 genter
409 2692 470 2754 fcei
493 2696 750 2777 inquisicionem,
766 2716 936 2779 perquam
960 2696 1070 2758 inveni
1086 2692 1172 2775 quod
1194 2698 1268 2774 post
1282 2698 1414 2772 tempus

271 2785 355 2848 datae
386 2791 576 2871 supradictae
606 2813 664 2874 per
693 2800 832 2856 mortem
862 2790 985 2873 Jacoby
1015 2790 1123 2873 cyney
1153 2787 1327 2870 Gwydonis
1357 2785 1413 2867 qui

272 2880 306 2941 in
338 2883 425 2946 Urbe
455 2887 594 2950 decessit
617 2895 655 2951 ut
678 2888 807 2964 dicitur,
837 2887 985 2969 quaedam
1014 2885 1186 2968 praebenda
1215 2885 1250 2949 in
1281 2882 1415 2944 ecclesia

272 2976 397 3061 Rypon’
408 2985 543 3062 vacavit,
553 2983 830 3068 archiepiscopatu
845 2984 941 3046 Ebor.
956 2983 1085 3044 racione
1101 2981 1226 3043 ultimae
1238 2979 1415 3041 vacacionis

273 3077 357 3137 sedis
373 3077 519 3160 ejusdem
544 3083 578 3144 in
601 3103 699 3144 manu
722 3081 845 3143 domini
868 3080 953 3163 regis
976 3080 1147 3154 existente,
1162 3097 1258 3159 quam
1282 3075 1415 3158 quidem

271 3173 477 3253 praebendam
494 3179 580 3239 idem
602 3180 752 3240 dominus
775 3198 830 3238 rex
853 3176 893 3237 de
912 3176 987 3257 jure
1010 3196 1068 3237 suo
1083 3173 1211 3235 cuidam
1225 3169 1350 3233 Thoma
1374 3171 1414 3232 dc

272 3268 433 3333 Sabaudia
455 3295 512 3334 suo
535 3276 677 3336 contulit
691 3273 931 3355 consanguineo
954 3276 988 3332 et
1011 3270 1150 3332 eundem
1169 3289 1225 3350 per
1240 3266 1415 3349 quemdam

271 3369 463 3448 magistrum
480 3371 662 3432 Gerardum
678 3375 915 3451 procuratorem
932 3386 1027 3429 suum
1043 3366 1152 3428 literas
1176 3384 1249 3427 suas
1264 3368 1414 3446 putentes

271 3462 484 3541 deferentem,
501 3467 642 3545 capitulo
658 3464 782 3547 Rypon’
797 3464 837 3525 ad
853 3463 1095 3526 admittendum
1119 3461 1200 3523 inibi
1222 3462 1257 3522 in
1282 3458 1415 3520 fratrem

271 3561 306 3617 et
335 3561 583 3620 concanonicum
620 3561 661 3623 ad
699 3561 819 3621 dictam
856 3558 1060 3641 praebendam
1094 3557 1279 3634 destinavit,
1315 3574 1415 3637 quem

271 3654 462 3732 capitulum,
490 3656 565 3715 visis
590 3655 693 3717 literis
720 3662 754 3716 et
784 3655 937 3716 mandato
960 3655 1084 3716 domini
1108 3653 1204 3736 regis,
1229 3653 1316 3714 salvo
1340 3651 1416 3733 jure

270 3747 444 3828 cujuslibet
459 3756 643 3811 reverenter
657 3751 798 3812 admisit.
844 3750 944 3832 Cujus
959 3751 1149 3832 possessioni
1164 3750 1253 3811 idem
1264 3746 1416 3822 Thomas,

267 3841 341 3923 jure
365 3844 540 3925 cujuslibet
563 3846 660 3923 salvo,
676 3867 733 3928 per
748 3853 986 3928 procuratorem
1002 3845 1107 3907 adhuc
1123 3843 1296 3921 incumbit,
1311 3849 1347 3904 et
1370 3844 1415 3904 sic

270 3939 393 3999 nullum
410 3941 504 4001 uliam
521 3943 724 4022 praebendam
741 3944 780 4004 ad
797 3964 936 4024 praescna
959 3944 993 4005 in
1018 3943 1131 4004 eadem
1155 3942 1220 4002 scio
1236 3944 1415 4000 vacantem.

270 4034 512 4117 Transcriptum
550 4039 715 4100 literarum
753 4040 875 4100 domini
914 4040 999 4122 regis
1039 4058 1134 4119 super
1171 4035 1232 4097 hoc
1273 4035 1416 4116 capitulo

270 4131 463 4192 directarum
489 4134 579 4195 vohis
604 4137 792 4197 transmitto
820 4137 846 4196 si
871 4135 977 4216 placet
1003 4133 1253 4216 inspiciendum.
1299 4131 1417 4193 Valeat

270 4229 446 4306 paternitas
463 4240 569 4290 vestra
584 4252 641 4311 per
657 4239 803 4313 tempora
818 4233 983 4292 diuturna.

335 4322 703 4390 lindessei-Domino
727 4350 784 4390 suo
806 4330 832 4389 si
854 4327 961 4410 placet
984 4373 992 4388 .
1017 4373 1025 4388 .
1049 4324 1295 4407 Arobiepiscopo
1318 4323 1413 4384 Ebor.

267 4440 326 4501 per
342 4442 436 4484 suum
447 4421 610 4498 Rogerum
623 4425 746 4496 Swavn.
777 4422 892 4488 Morka
905 4423 943 4507 os
954 4420 1022 4486 scol
1033 4421 1105 4487 ancl
1113 4419 1254 4505 foldlnq
1263 4420 1302 4504 os
1314 4418 1414 4484 letter.
