2992 5010
104 331 152 406 84
637 348 845 403 nnuounrs
869 349 915 402 or
939 349 1059 402 unos.

104 524 256 629 megp-
278 517 432 580 librarum
446 538 503 599 pro
517 517 583 579 fine
605 516 712 595 iacto,¹
729 522 767 579 ut
789 516 1020 594 intelleximus,
1034 537 1109 578 cnm
1131 515 1262 599 perfidis
1284 518 1428 579 inimicis

105 642 257 760 mm.
279 615 407 690 nostris,
430 613 471 676 ad
494 613 682 676 evitandum
704 611 879 675 homicidia
901 619 936 676 et
954 613 1116 689 incendia,
1142 617 1177 674 et
1199 614 1347 675 omnium
1369 613 1427 675 bo-

170 759 190 804 s

217 761 247 805 ὼ
280 729 395 770 norum
410 730 540 772 suornm
554 711 760 771 amissionem
774 729 833 791 per
841 709 1023 770 invasiones
1037 708 1251 789 nequissimas
1266 708 1427 770 dictorum

102 774 258 922 ρΞρανῖὸω
280 805 485 867 inimicomm
511 809 704 883 nostrorum,
727 825 807 887 quas
833 804 979 867 dolenter
1002 803 1182 881 referimus,
1205 805 1428 881 imminencia,

280 906 452 982 quatenus,
460 900 769 982 consideratisperte
780 899 988 962 facultatibus
999 899 1198 982 singularum
1206 919 1427 981 personarum,

281 1002 316 1058 et
337 996 557 1058 emolumento
571 997 657 1078 quod
676 997 851 1078 unicuique
870 1015 1014 1077 personae
1036 995 1176 1078 contigit
1198 1015 1238 1056 ex
1260 995 1325 1058 fine
1346 1014 1428 1077 prar-

280 1091 379 1168 dicto,
394 1091 499 1173 quoad
514 1090 791 1154 conservacionem
805 1111 913 1152 rerum
928 1094 961 1152 et
976 1090 1132 1152 bonorum
1147 1090 1335 1168 eorundem,
1350 1109 1427 1152 con-

278 1186 421 1249 tribuere
435 1186 544 1264 facus,
558 1192 654 1268 prout
668 1193 727 1249 tua
741 1186 903 1264 discrecio,
915 1205 987 1268 quae
1001 1205 1209 1268 personarum
1224 1186 1427 1248 condiciones

279 1286 314 1342 et
328 1281 521 1365 qualitatem
536 1279 613 1343 facti
628 1280 814 1363 hujusmodi
828 1282 933 1363 magis
947 1282 1051 1357 novit,
1066 1286 1101 1343 et
1116 1280 1157 1342 de
1172 1280 1257 1342 bono
1277 1285 1313 1343 et
1334 1300 1427 1362 aequo

278 1377 398 1439 viderit
413 1376 574 1459 expedire.
612 1376 657 1438 Et
673 1378 765 1459 siqui
776 1376 900 1439 fuerint
910 1375 965 1437 alii
978 1381 1067 1438 extra
1077 1375 1263 1437 libertatem
1271 1381 1426 1453 nostram,

279 1474 336 1554 qui
361 1473 470 1555 aliqua
495 1472 579 1534 bona
602 1493 668 1548 sna,
698 1478 737 1534 ut
760 1471 955 1550 audivimus,
980 1470 1065 1533 infra
1090 1470 1211 1533 dictam
1240 1470 1427 1533 libertatem

277 1573 431 1645 nostram,
455 1568 490 1629 in
512 1567 645 1630 ecclesia
666 1568 818 1630 videlicet
844 1567 971 1649 Rypon,
987 1566 1038 1628 rel
1062 1566 1140 1628 alibi
1165 1567 1314 1628 servandi
1331 1586 1428 1628 causa

278 1663 414 1725 allocuta
428 1662 612 1741 habuerint,
628 1669 662 1725 et
681 1663 754 1740 sibi,
768 1667 929 1745 praetextu
951 1662 1177 1724 convencionis
1199 1662 1371 1744 praedictae,
1386 1663 1426 1723 ad

278 1761 421 1843 ipsorum
450 1760 655 1822 commodum
686 1760 830 1821 securius
859 1762 1056 1835 conservate,
1082 1758 1124 1819 ad
1149 1756 1425 1819 contribucionem

279 1855 431 1918 similiter
451 1854 643 1932 faciendam,
666 1855 811 1916 utilitate
835 1858 969 1936 pensata
991 1872 1089 1936 quam
1111 1857 1281 1936 reportant
1301 1850 1362 1914 hac
1384 1853 1425 1915 de

277 1972 383 2028 causa,
397 1950 501 2013 modis
517 1955 551 2012 et
565 1951 625 2012 riis
640 1949 758 2032 quibus
772 1950 893 2031 poteris
908 1968 1051 2011 coerceas
1074 1953 1109 2010 et
1128 1947 1324 2030 compellas=
1348 1968 1419 2031 quae

277 2049 387 2110 omniu
402 2052 436 2109 et
451 2047 580 2130 singula
594 2051 659 2108 tuae
674 2045 853 2123 industriae,
864 2050 1001 2129 urgente
1017 2045 1211 2107 necessitate
1226 2041 1424 2126 hujusmodi,

276 2143 429 2205 duximus
451 2140 710 2203 committenda.²
753 2139 844 2202 Vale.
890 2139 964 2201 Dat.
986 2138 1072 2221 apud
1086 2138 1223 2216 willan,
1237 2137 1302 2201 kal.
1321 2140 1425 2217 Junii,

277 2237 372 2300 Anno
408 2237 524 2320 graciae
560 2235 821 2298 m⁰ccc⁰⁰decimo
850 2239 972 2313 octavo,
1009 2239 1045 2297 et
1080 2233 1289 2317 pontificatus
1324 2234 1426 2297 nostri

277 2331 408 2415 primo.a

103 2504 175 2565 (aaa)
344 2489 540 2566 Willelmus,
551 2490 773 2571 permissione,
784 2493 859 2567 etc,
867 2489 996 2553 dilectis
1011 2488 1087 2552 filiis
1103 2490 1222 2554 decano
1236 2495 1271 2554 et
1285 2491 1427 2575 capitulo

103 2563 233 2669 ffiffl'
279 2585 420 2648 ecclesiae
453 2589 570 2647 nostrae
603 2584 697 2647 Beati
727 2584 817 2647 Petri
842 2584 937 2648 Ebor.
961 2585 1111 2664 salutem,
1140 2592 1202 2649 etc.
1247 2585 1331 2650 Cum
1352 2608 1426 2670 per·

104 2702 233 2750 armas
280 2699 378 2743 rersae
393 2679 590 2741 temeritatis
607 2677 679 2757 filii,
695 2679 783 2743 Scoti
798 2680 951 2743 videlicet
975 2689 1009 2743 et
1032 2682 1082 2742 sui
1101 2681 1273 2764 complices
1297 2689 1332 2746 et
1353 2684 1425 2747 fau·

102 2762 256 2866 md·
279 2780 376 2852 tores,
401 2775 494 2859 regni
516 2773 647 2858 Anglici
671 2775 807 2852 inimici,
823 2796 889 2838 snae
913 2775 1026 2838 salutis
1049 2777 1266 2855 immemores,
1288 2799 1425 2861 quorum

103 2879 225 2924 mune
278 2871 411 2933 nomine
425 2871 626 2954 ignorantur,
641 2869 799 2931 nonnulla
813 2890 917 2952 nuper
930 2871 1071 2933 nefanda
1086 2873 1204 2935 scelera
1219 2878 1254 2935 et
1268 2872 1427 2936 horrenda

102 2941 173 2983 ’Μ’
277 2966 417 3029 facinora
439 2966 641 3029 committere
661 2984 727 3026 non
742 2971 891 3027 verentes
905 2966 989 3028 infra
1002 2965 1155 3029 dioecesin
1174 2974 1316 3032 nostram
1330 2970 1426 3033 Ebor.

277 3068 314 3127 et
327 3063 429 3145 ipsius
449 3062 647 3143 provinciam
668 3062 703 3123 in
725 3061 871 3143 partibus
887 3061 1022 3144 Rypon’,
1039 3061 1172 3146 Otteley
1186 3069 1221 3127 et
1242 3065 1321 3128 locis
1343 3067 1428 3144 aliis,

277 3159 438 3237 ecclesias,
468 3159 621 3236 maneria,
653 3161 687 3220 et
717 3156 780 3218 alie
804 3157 875 3218 loca
897 3177 934 3218 ac
959 3156 1045 3219 bona
1070 3157 1286 3222 ecclesiastica
1315 3159 1427 3224 hostili

277 3256 407 3319 feritate
435 3253 572 3338 ingredi,
602 3254 766 3330 invadere,
792 3255 827 3314 et
856 3252 956 3313 etiam
986 3272 1152 3334 occupare,
1181 3254 1266 3317 bona
1294 3256 1428 3339 insuper

277 3349 465 3434 hujusmodi
502 3355 570 3412 tam
604 3349 822 3411 ecclesiastica
851 3367 948 3428 quarn
978 3347 1052 3425 alia,
1082 3353 1196 3411 contra
1224 3350 1427 3415 voluntatem

277 3446 482 3509 dominorum
512 3447 547 3504 et
576 3443 747 3505 custodum
778 3441 953 3504 eorundem
983 3443 1143 3506 abducere
1181 3449 1215 3506 et
1252 3452 1427 3527 asportare,

332 3579 376 3648 (1)
396 3575 439 3631 Of.
451 3574 550 3629 Obron.
562 3574 597 3628 de
609 3574 764 3640 Ianeruoet,
776 3574 877 3644 quoted
888 3574 983 3643 above,
996 3576 1048 3630 rol.
1061 3577 1079 3630 i.
1092 3595 1118 3649 p.
1132 3577 1176 3632 78.

334 3656 377 3725 (2)
396 3654 453 3708 The
466 3650 638 3723 Archbiehop
655 3652 711 3706 had
729 3651 834 3721 shortly
845 3651 936 3707 before
954 3654 1097 3709 eddremed
1115 3655 1161 3710 the
1180 3655 1321 3728 following
1338 3666 1368 3714 to
1386 3659 1428 3713 his

279 3734 396 3789 receirer
419 3737 449 3784 at
472 3729 547 3783 Yorlr
556 3733 607 3782 :-‘
616 3729 750 3800 Magistro
774 3728 886 3784 Thomae
909 3731 944 3785 da
967 3730 1049 3800 Gara,
1074 3734 1204 3804 receptori
1228 3741 1320 3789 nostro
1344 3735 1426 3792 Ebor.

279 3813 376 3869 Libera
400 3809 511 3864 Thomas
533 3807 652 3879 Deyvill,
676 3807 776 3862 ballivo
800 3814 892 3862 nostro
916 3809 1032 3882 Rypon’,
1051 3811 1103 3865 xls.
1128 3813 1163 3865 cd
1187 3829 1254 3883 opus
1273 3815 1427 3869 tenentium

279 3897 434 3946 nostrorum
452 3887 560 3942 taffivae
580 3885 688 3956 Rypon'
701 3885 772 3957 apud
789 3885 871 3942 Ebor.
890 3888 1056 3942 venientium
1075 3888 1110 3942 ad
1129 3889 1351 3959 proficiscendum
1365 3910 1427 3946 eum

279 3970 389 4025 domino
408 3973 499 4021 nostro
519 3981 581 4035 rege
601 3980 694 4019 versus
711 3970 802 4035 partes
822 3963 950 4034 boreales,
967 3985 1015 4039 pro
1035 3967 1188 4022 defensione
1208 3969 1283 4039 regni
1300 3971 1427 4042 Angliae3

278 4065 346 4119 quos
364 4047 465 4103 eisdem
484 4041 640 4098 tenentibus
657 4059 693 4096 ex
710 4042 863 4098 curialitcte
882 4051 975 4098 nostra
992 4046 1172 4100 concessimus
1191 4045 1239 4100 ille
1251 4048 1318 4103 rice.
1355 4050 1428 4104 Item

278 4125 364 4183 libera
380 4143 429 4200 pro
448 4140 502 4177 uno
514 4122 613 4177 vexillo
631 4123 665 4176 de
683 4121 803 4190 sindone,
815 4129 906 4195 empto
923 4141 972 4194 pro
990 4125 1091 4179 eisdem
1110 4125 1208 4180 nostris
1229 4127 1428 4197 tenentibue,si

278 4221 342 4261 cum
353 4205 466 4279 praelcto
478 4218 539 4272 rege
548 4201 577 4255 iu
587 4200 659 4255 dicte
668 4200 823 4255 defensione
832 4201 948 4272 profecti
956 4203 1075 4263 luissent.
1088 4221 1147 4259 xxa.
1175 4204 1236 4278 xiiij
1250 4206 1303 4260 lral.
1312 4207 1427 4278 Aprilis,

277 4282 463 4342 zcoourm!
497 4281 563 4350 Rea.
582 4278 618 4335 io.
635 4282 661 4335 8.
697 4279 793 4348 Ruina,
804 4299 830 4352 p.
844 4281 905 4335 375.
941 4281 999 4337 Τὴο
1018 4281 1125 4338 hemer.
1135 4284 1227 4340 would
1243 4283 1374 4356 probably
1392 4285 1426 4341 be

276 4365 396 4438 charged
407 4361 478 4418 with
489 4360 538 4414 the
550 4358 625 4413 three
638 4363 707 4413 stare
719 4358 751 4412 oi
764 4358 805 4413 St.
818 4358 941 4416 Willrid.

333 4447 378 4516 (3)
396 4439 511 4500 Printed
523 4438 552 4494 in
564 4436 671 4494 Reine's
681 4437 792 4506 Later,
804 4454 830 4510 p.
843 4436 904 4493 274.
