2992 5010
334 339 506 392 armore
530 339 629 392 FBOM
655 340 752 393 YORK
777 340 977 394 REGIS‘PERS.

80 505 245 590 Manneby
267 529 303 570 ac
328 508 505 571 Robertum
530 509 571 571 de
596 507 716 587 Seton’,
739 508 819 571 dieti
846 508 973 571 sceleris
999 508 1172 591 participes
1195 513 1229 572 et

78 607 240 683 patronos,
263 606 320 686 qui
342 604 422 666 alias
448 604 573 667 dictum
597 624 759 666 carcerum
784 603 962 689 fregerunt,
987 609 1155 666 noctanter
1176 602 1242 665 fu·.

78 698 220 780 gicntes,
244 706 293 762 set
307 699 659 762 tuno‘retrudebantur
681 701 716 761 in
737 701 884 782 proximo
901 698 1106 783 apprehensi,
1124 700 1229 761 nomi·
1306 713 1307 716 ’

77 795 184 855 natim
208 800 241 856 et
263 797 297 857 in
322 797 438 877 specie,
453 796 616 857 nuncietis
640 799 675 858 et
696 797 854 858 nuncient
876 800 910 858 et
927 795 1054 858 faciatis
1074 814 1133 876 per
1146 793 1226 856 alias

79 889 291 971 solempniter
305 891 463 953 nunciari

143 985 291 1067 Insuper,
323 1007 398 1047 cum
429 1007 467 1048 ex
494 986 662 1068 culparum
693 987 888 1049 enormitate
913 987 1027 1048 modus
1056 987 1225 1070 plagarum
1250 999 1382 1049 macrae

77 1080 252 1144 exuberare
268 1081 396 1157 debeat,
411 1102 470 1143 neo
486 1082 573 1143 sitin
585 1086 748 1163 potestate
759 1087 868 1144 nostra
876 1082 1068 1165 cond1gnam
1080 1082 1226 1166 infligere
1250 1063 1384 1165 ffilssffl

76 1172 211 1238 facinori
226 1182 319 1239 tanto
333 1195 474 1258 poenam,
489 1181 649 1238 attamen
661 1197 766 1261 magra
774 1177 896 1239 famosa
907 1177 949 1239 sit
958 1197 1068 1239 eorum
1079 1177 1225 1257 infamia,
1250 1179 1303 1224 Μ
1313 1179 1383 1239 ‘¹⁸5¹-

77 1273 276 1354 rarioresque
306 1272 475 1334 inveniant
506 1291 571 1334 suae
601 1271 737 1334 maliciae
765 1277 948 1352 sectatores,
978 1278 1018 1334 ut
1041 1274 1143 1335 eciam
1167 1279 1227 1336 aut

77 1367 212 1429 redeant
226 1367 266 1429 ad
281 1367 503 1449 peragendum
518 1367 722 1448 poenitenoiae
736 1366 891 1443 fructum,
905 1374 964 1429 aut
978 1367 1056 1430 mali
1070 1369 1226 1452 magister

79 1460 235 1524 sathanas
250 1465 304 1525 cui
319 1463 465 1524 serviunt
480 1462 520 1523 ad
537 1482 648 1524 eorum
668 1462 802 1525 liberius
817 1468 968 1545 properet
983 1465 1224 1542 exterminium,

77 1559 251 1639 quominus
267 1560 450 1620 oracionum
465 1558 661 1638 participant
676 1555 758 1642 (aio)
773 1558 964 1642 suffragium
978 1564 1037 1621 aut
1050 1559 1139 1621 aliud
1162 1561 1224 1621 Ec-

74 1653 181 1715 clesiae
194 1654 319 1717 Sanctae
330 1655 463 1731 bonum,
474 1654 555 1715 viros
569 1653 737 1715 sceleratos
752 1654 920 1737 praedictos
935 1675 1047 1717 omnes
1062 1660 1097 1718 et
1112 1656 1224 1738 singu-

76 1748 133 1827 los,
149 1750 316 1832 dictosque
340 1748 524 1812 Johannem
540 1753 575 1809 et
597 1748 777 1810 Robertum
792 1749 923 1811 clericos
938 1749 1103 1833 fugitivos,
1118 1770 1155 1811 ac
1171 1769 1225 1812 eos

75 1847 132 1927 qui
147 1845 226 1928 ipsis
241 1847 278 1908 in
292 1845 352 1908 hoc
368 1846 454 1906 facto
469 1845 694 1926 praestiterunt
709 1845 847 1906 scienter
858 1845 1026 1923 auxilium,
1042 1846 1225 1922 consilium,

74 1941 126 2003 vel
142 1941 294 2020 favorem,
309 1963 346 2004 ac
368 1945 586 2023 receptatores
610 1940 787 2001 eorundem
811 1961 868 2001 seu
890 1939 1027 2022 alicujus
1050 1961 1174 2018 eorum,
1190 1942 1226 2002 in

75 2037 210 2100 ecclesia
240 2037 364 2120 Rypon’
394 2037 538 2119 praedict.
569 2034 699 2117 publice
730 2038 765 2097 et
795 2036 827 2096 in
859 2055 979 2117 genere
1009 2038 1168 2098 moneatis
1191 2040 1226 2098 et

76 2133 247 2196 efficaciter
261 2134 433 2209 inducatis,
449 2131 535 2213 quod
557 2130 642 2192 infra
657 2129 845 2211 quindecim
868 2131 936 2192 dies
952 2150 971 2191 a
985 2137 1133 2213 tempore
1156 2151 1226 2192 mo·

76 2230 213 2291 nicionis
239 2235 354 2291 vestras
384 2228 538 2289 continue
568 2225 795 2302 numerandos,
826 2246 963 2307 quorum
993 2227 1137 2308 quinque
1167 2247 1225 2309 pro

76 2327 191 2407 primo,
202 2327 345 2407 quinque
355 2344 412 2406 pro
422 2322 574 2399 secundo,
584 2327 618 2384 ct
628 2321 767 2403 reliquos
776 2322 920 2403 quinque
933 2322 1003 2383 dies
1012 2341 1069 2403 pro
1078 2323 1180 2384 tercio
1190 2328 1225 2385 et

76 2422 294 2504 peremptorio
303 2421 444 2482 termino
453 2439 490 2480 ac
498 2419 681 2480 monicione
691 2419 844 2479 canonica
854 2418 1027 2500 assignetis
1039 2419 1174 2496 eisdem,
1189 2426 1227 2487 et

76 2537 135 2579 nos
150 2516 382 2578 nichilominus
397 2520 508 2576 tenore
524 2513 733 2595 praesencium
749 2512 960 2597 assignamus,
977 2512 1056 2592 Deo,
1071 2514 1224 2590 ecclesia,

76 2618 111 2675 et
126 2614 229 2689 nobis,
241 2613 282 2674 de
291 2617 342 2673 tot
354 2616 389 2672 et
400 2611 501 2672 tantis
513 2609 653 2686 delictis,
665 2607 802 2690 injuriis,
814 2614 848 2672 et
856 2609 1015 2690 dampnis,
1026 2609 1225 2674 satisfaciant

75 2714 308 2791 competenter,
325 2728 361 2768 ac
377 2707 496 2767 nostris
519 2711 554 2767 et
577 2705 720 2767 ecclesiae
735 2705 870 2767 veniant
891 2706 1029 2788 parituri
1052 2708 1224 2787 mandatis,

75 2805 136 2867 sub
165 2824 260 2886 poena
285 2802 628 2865 excommunicacionis
655 2801 795 2883 majoris,
822 2822 930 2882 quam,
954 2802 1043 2863 diota
1072 2805 1226 2866 canonica

75 2901 255 2962 monicione
270 2899 446 2981 praemissa,
462 2898 497 2958 in
512 2898 598 2978 ipsos
620 2901 655 2958 et
678 2916 789 2958 eorum
813 2896 968 2979 singulos,
985 2901 1018 2958 et
1041 2896 1225 2977 specialiter

75 2997 110 3058 in
140 3016 290 3079 personas
322 2996 483 3056 dictorum
513 2990 672 3055 lohannis
696 2996 730 3053 et
752 2989 896 3067 Roberti,
928 2992 955 3051 si
988 2991 1224 3053 monicionibus

75 3094 189 3156 vestris
205 3090 393 3175 hujusmodi
403 3088 482 3170 quin
492 3089 603 3170 pocius
613 3087 731 3148 nostris
742 3106 808 3147 non
823 3087 1001 3167 paruerint,
1013 3107 1087 3148 cum
1103 3085 1224 3148 effectu

76 3210 203 3252 exnunc
219 3197 256 3251 ut
273 3195 391 3252 extunc
407 3184 503 3266 culpa
519 3184 662 3265 ipsorum
678 3202 767 3244 mora
783 3187 817 3243 et
831 3181 951 3243 delicto
966 3182 1223 3262 praecedentibus

76 3288 111 3347 et
126 3286 332 3367 poscentibus
349 3280 541 3366 proferimus
556 3279 592 3339 in
606 3276 671 3340 hiis
687 3277 824 3359 seriptis.
871 3323 881 3341 .

143 3382 187 3443 Et
224 3403 278 3442 tos
309 3387 427 3442 extunc
457 3377 542 3457 ipsos
572 3394 684 3436 omnes
719 3378 754 3436 et
792 3371 934 3455 singulos
964 3391 1001 3433 ac
1029 3373 1222 3435 nominatim
1248 3400 1275 3447 1r
1283 3401 1342 3460 they

76 3468 97 3531 J
100 3466 260 3530 ohannem
276 3474 311 3529 et
327 3468 505 3533 Robertum
521 3470 678 3553 fugitivos
693 3469 862 3552 praedictos
877 3466 939 3529 ut
929 3486 965 3527 1n
981 3467 1108 3529 malicia
1123 3469 1223 3531 obsti·
1246 3464 1302 3506 Μ
1314 3474 1329 3506 ⁸
1343 3459 1401 3507 Μ

75 3571 169 3626 natos
185 3564 373 3626 obturantes
400 3588 487 3630 more
505 3568 655 3649 aspidum
679 3585 773 3628 aures
792 3584 865 3626 suas
880 3583 920 3626 ex
934 3565 1039 3626 causis
1061 3565 1223 3646 praedictis
1246 3521 1362 3624 arlhda

73 3660 144 3721 vice
166 3665 275 3722 nostra
291 3681 366 3722 cum
392 3663 620 3744 solempnitate
635 3666 669 3724 et
684 3661 898 3724 observanciis
919 3659 1036 3742 quibus
1052 3680 1160 3742 supra,
1175 3662 1221 3723 sic
1246 3636 1392 3694 cenoman,

72 3776 131 3837 per
154 3775 212 3816 nos
237 3759 526 3819 excommunicatos
553 3777 623 3820 esse
645 3758 680 3819 in
704 3756 838 3820 ecclesia
861 3754 978 3838 Ripon’
998 3760 1033 3817 et
1054 3754 1132 3819 locis
1149 3756 1222 3820 aliis

74 3852 164 3914 vobis
181 3849 346 3932 subjectis,
362 3853 480 3934 quibus
497 3854 639 3934 expedit,
655 3873 781 3936 parvos
797 3857 832 3914 et
846 3853 926 3914 alios
942 3853 1115 3915 nunciatis

141 3944 333 4008 Inhibentcs
364 3950 514 4011 omnibus
544 3953 579 4009 et
617 3949 754 4032 singulis
785 3946 904 4010 Christi
933 3947 1084 4010 fidelibus
1117 3949 1222 4011 arcius
1246 3974 1345 4020 anatha

73 4043 143 4103 vice
174 4047 284 4102 nostra
317 4063 359 4104 ne
389 4065 464 4106 cum
494 4044 590 4106 dictis
621 4044 907 4106 excommunicatis
938 4043 1094 4125 quamdiu
1124 4045 1221 4108 dictis
1246 4031 1388 4149 ξῗᾞὲᾞᾱω

73 4137 248 4199 sentenciis
269 4139 479 4218 pertinaciter
501 4139 729 4249 subjacebunt,
745 4137 874 4218 aliquod
893 4137 1086 4200 contrahant
1107 4142 1223 4203 meroi—
1247 4149 1297 4254 htm
1280 4163 1350 4195 veno

74 4233 232 4310 monium,
244 4252 350 4314 neque
366 4236 563 4317 participent
578 4255 652 4298 cum
668 4234 747 4316 ipsis
763 4233 898 4312 edendo,
910 4233 1061 4314 bibendo,
1073 4209 1398 4321 emendo‚⁰⁰„21¹¹¹⁰¹„h1,„

74 4328 256 4404 vendend0,
280 4331 456 4408 coquendo,
473 4331 676 4412 loquendo,'
667 4350 779 4413 rgnem
795 4328 845 4391 vel
861 4349 978 4410 aquam
998 4331 1221 4409 ministrando,
1247 4325 1322 4383 them
