2992 5010
230 312 404 365 mrmcvs
428 312 528 365 raon
553 312 650 364 rosv
676 313 885 380 assumam
913 315 946 366 0.
974 317 1136 370 navum.
1371 303 1445 377 155

179 479 261 544 Cum
276 482 380 564 igitur
393 481 571 563 principale
587 487 622 544 et
636 502 793 566 magnum
808 484 987 566 campanile
998 486 1141 550 ecclesiae
1151 493 1268 552 nostrae
1292 499 1345 554 ure
1353 506 1424 561 great

109 577 291 662 collegiatae
303 578 398 640 Beati
409 578 553 640 Wiliridi
561 579 688 661 Ripon’,
697 580 783 661 quod
795 580 836 642 ab
851 581 949 643 inicio
961 588 1150 666 sumptuose
1161 584 1269 649 fuerat
1292 561 1419 679 ffim

110 681 347 754 constructum,
360 680 432 736 turn
442 681 573 758 propter
582 677 752 754 incuriam,
761 676 1007 759 necligenciam,
1016 686 1050 741 et
1059 680 1267 745 inscienciam
1291 678 1373 725 “flm-

109 772 274 833 artificum
289 771 372 833 illud
395 772 435 833 de
452 791 535 833 novo
557 771 798 849 fabricancium,
812 778 886 834 tum
909 782 1041 857 propter
1063 779 1267 841 tonitruans

109 869 194 930 aeris
224 868 321 930 flatus
347 869 559 949 impetuosos,
585 869 844 951 urgenciumque
876 870 1090 951 procellarum
1117 874 1266 937 turbines

109 965 277 1026 retroactis
300 963 499 1046 temporibus
521 962 727 1045 frequencius
750 964 983 1044 accidencium,
1010 972 1046 1029 et
1068 968 1148 1031 alios
1174 990 1267 1033 casus

108 1059 261 1123 fortuitos
276 1061 395 1143 quibus
410 1060 574 1141 provideri
588 1080 655 1121 non
669 1063 810 1141 potuita
826 1059 895 1122 Deo
910 1068 1109 1143 quassatum,
1124 1064 1265 1129 fractum

109 1157 225 1218 existit
247 1164 282 1219 et
303 1157 485 1239 diruptum,
507 1156 541 1217 in
568 1161 700 1218 tantum
723 1158 826 1218 eciam
849 1157 935 1239 quod
959 1157 1030 1241 ejus
1052 1180 1169 1244 magna
1191 1183 1265 1244 pars

108 1254 297 1316 demollitur
312 1254 402 1315 etad
417 1259 538 1314 terram
556 1251 625 1334 jam
648 1254 875 1334 prosternitur,
890 1255 986 1336 quod.
996 1257 1164 1319 residuum
1185 1259 1264 1321 dicti
1287 1270 1340 1317 Tne
1350 1275 1401 1319 rest

108 1349 297 1437 campanilis
313 1350 353 1411 de
368 1350 421 1411 die
436 1350 472 1411 in
487 1349 575 1410 diem
590 1348 631 1410 ad
648 1350 752 1411 solum
762 1356 797 1412 et
805 1357 925 1413 terram
935 1372 975 1414 ex
986 1350 1128 1416 humano
1138 1353 1264 1438 judicio
1288 1343 1388 1436 ξξῖῗζ

108 1444 258 1508 funditus
274 1452 325 1508 est
343 1465 465 1523 casura,
480 1445 545 1506 nisi
568 1446 749 1508 remedium
772 1449 806 1509 in
831 1468 868 1509 ee
891 1453 982 1530 parte
1004 1449 1141 1513 celerius
1164 1473 1263 1536 appo·
1285 1449 1416 1555 ἔξω(

108 1549 216 1620 natur,
239 1548 274 1605 et
296 1542 382 1624 quod
405 1542 525 1621 absque
548 1542 718 1604 immensis
741 1543 925 1624 sumptibus
948 1551 983 1607 et
1006 1543 1262 1613 Christianorum
1354 1522 1379 1568 ε’

109 1639 263 1701 subsidiis
288 1639 425 1700 relevari
455 1658 521 1698 non
551 1639 673 1719 poterit
702 1636 766 1700 hiis
797 1639 922 1702 diebus.
966 1641 1035 1703 Nos
1064 1662 1140 1705 vero
1170 1649 1263 1709 tanto

108 1735 286 1797 discrimini
301 1735 445 1816 paternis
460 1733 630 1795 affectibus
641 1736 821 1817 prospicere
832 1737 1018 1799 censuimus
1034 1744 1069 1800 et
1085 1740 1264 1821 spirituali·

107 1829 169 1892 bus
189 1831 307 1912 quibus
329 1849 499 1912 possumus
522 1829 687 1891 miniculis
710 1831 961 1893 misericorditer
984 1833 1166 1896 subvenire.
1211 1835 1261 1897 De

107 1927 169 1989 Dei
191 1928 295 2007 igitur
316 1926 558 2007 Omnipotentis
580 1925 740 1988 immensa
762 1927 991 2004 misericordia,
1010 1933 1044 1990 et
1059 1929 1261 1993 Beatissimae

106 2023 252 2107 Virginis
267 2023 380 2085 Mariae
403 2022 519 2084 Matris
536 2041 612 2099 suae,
628 2041 665 2082 ac
680 2022 856 2084 Beatorum
871 2022 963 2085 Petri
986 2029 1021 2085 et
1041 2024 1134 2086 Pauli
1159 2027 1260 2108 Apos-

104 2120 245 2181 tolorum
257 2119 472 2202 ejus,necnon
485 2123 670 2179 sanctorum
682 2118 900 2180 confessorum
913 2119 1081 2198 Willelmi,
1091 2120 1261 2200 Johannis,

105 2221 140 2278 et
176 2216 329 2293 Wilfridi,
360 2221 570 2297 patronorum
600 2218 795 2293 nostrorum,
825 2216 1036 2297 omniumque
1067 2216 1260 2280 Sanctorum

104 2313 230 2374 meritis
246 2318 281 2374 et
295 2311 445 2395 precibus
460 2309 661 2372 confidentes
681 2312 807 2373 cunctis
831 2310 1029 2374 Christicolis
1043 2333 1102 2395 per
1116 2319 1259 2376 nostram

103 2410 301 2491 provinciam
315 2408 412 2470 Ebor.
429 2406 566 2469 ubilibet
580 2407 782 2484 constitutis,
798 2413 832 2469 et
846 2408 918 2469 aliis
933 2428 1070 2489 quorum
1086 2410 1258 2474 dioecesani

103 2501 186 2567 110110
209 2512 352 2567 nostram
376 2504 608 2587 indugenciam
634 2500 715 2588 (sic)
741 2510 846 2566 ratam
876 2502 1051 2566 habuerint
1076 2507 1197 2587 pariter
1224 2513 1259 2571 et

102 2606 269 2683 acceptam
278 2602 319 2664 de
329 2601 468 2682 peccatis
478 2600 544 2661 suis
556 2619 631 2661 vere
641 2600 887 2681 poenitentibus,
897 2601 1047 2662 contritis
1059 2607 1095 2664 et
1103 2601 1257 2666 confessis

102 2699 160 2779 qui
175 2699 215 2759 ad
230 2698 519 2773 constructionem,
535 2694 830 2772 reaedificacionem,
842 2700 877 2757 et
888 2698 1161 2759 sustentacionem
1177 2698 1256 2761 dicti

102 2794 303 2876 campanilis,
331 2794 440 2874 aliqua
465 2792 505 2853 de
535 2791 628 2853 bonis
658 2791 719 2852 sibi
746 2811 765 2852 a
790 2790 860 2853 Deo
889 2791 1014 2854 collatis
1044 2792 1257 2871 contulerint,

100 2890 294 2973 legaverint,
316 2911 373 2951 seu
393 2895 488 2972 grata
508 2888 653 2949 caritatis
676 2886 820 2949 subsidia
842 2888 1033 2950 donaverint
1055 2894 1089 2951 et
1111 2892 1256 2974 assigna·

100 2988 210 3050 verint
246 2987 466 3068 quovismodo,
499 2984 624 3045 tociens
661 2983 815 3065 quociens
844 2985 1009 3065 praemissa
1039 3005 1096 3046 seu
1124 2986 1254 3067 aliquod

100 3085 338 3166 praemissorum
353 3082 491 3144 iecerint
506 3100 564 3141 seu
580 3081 719 3164 egerint,
734 3079 948 3162 quadraginta
957 3080 1026 3140 dies
1036 3079 1254 3165 indulgenciae

100 3179 349 3241 misericorditer
364 3179 400 3238 in
415 3176 554 3238 Domino
574 3175 779 3237 concedimus
794 3194 851 3257 per
866 3179 1041 3256 praesentes
1064 3194 1121 3255 pro
1144 3181 1254 3238 nostro

99 3275 302 3357 beneplacito
314 3274 494 3335 duraturas.
532 3272 608 3334 Dat.
618 3269 678 3333 sub
690 3270 797 3354 sigillo
809 3273 929 3347 nostro,
940 3270 975 3330 in
987 3271 1130 3331 manerio
1142 3276 1253 3333 nostro

101 3370 269 3451 Suthwell,
284 3376 399 3453 quarto
414 3369 468 3431 die
482 3370 604 3430 mensis
623 3367 802 3443 Februarii,
818 3366 912 3428 Anno
927 3365 1058 3427 Domini
1073 3365 1252 3430 Millesimo

99 3474 205 3529 cccc¹²¹⁰
220 3467 490 3550 quinquagesimo
511 3485 607 3543 nono,
628 3468 873 3544 nostrarumque
895 3461 1143 3524 consecracionis
1165 3482 1252 3525 anno

98 3565 336 3641 terciodecimo,
353 3567 387 3625 et
401 3560 625 3624 translacionis
639 3564 763 3621 octavo.

233 3820 426 3877 REGISTER
442 3818 491 3873 OF
510 3817 597 3873 ABP.
615 3816 650 3871 G.
668 3813 846 3870 NEVILLE.
883 3827 938 3869 nn.
958 3813 1125 3871 liat-1476.

164 3956 330 4020 Universis
345 3951 442 4038 (010.)
458 3950 619 4033 Georgius
637 3944 708 4031 (010.
730 3943 852 4008 almost
873 3942 1036 4008 verbatim
1050 3966 1089 4008 as
1102 3943 1145 4011 isc
1159 3946 1246 4034 Atp.
1272 3967 1328 4029 (so)

102 4054 145 4118 W.
161 4052 302 4132 Bootlls,
314 4073 352 4137 p.
372 4054 445 4128 154,
457 4044 647 4126 0100011109
662 4041 804 4107 11011010
814 4040 853 4124 of
864 4039 916 4104 110
929 4047 1113 4123 1011101011,
1125 4063 1164 4108 cs
1173 4045 1246 4129 fol-
1270 4039 1323 4134 δ’ἐξ
1334 4030 1400 4134 1465·
1481 4043 1487 4047 ’

95 4149 191 4236 locvs)
207 4152 498 4232 adeoquassatum,
513 4144 702 4215 laceratum,
716 4139 855 4201 fractum
877 4137 994 4216 fuerat,
1016 4144 1050 4200 et
1064 4139 1245 4223 diruptum,
1270 4121 1405 4217 uffa.

95 4249 181 4330 quod
197 4248 298 4329 ipsius
314 4264 432 4329 magna
448 4262 519 4324 pars
543 4238 719 4301 successive
741 4235 860 4297 cecidit
875 4235 964 4297 etad
981 4234 1085 4297 solum
1107 4237 1245 4320 collapsa
1268 4227 1392 4330 ‘J‘W‘J'

94 4343 200 4406 fuerat
230 4343 378 4404 funditus
405 4344 440 4402 et
465 4338 634 4420 prostrata,
664 4330 873 4415 ejusdemque
902 4331 1070 4393 residuum
1098 4333 1139 4393 ad
1165 4340 1245 4397 tuno
1265 4301 1396 4393 follit„

96 4440 334 4523 superexistens
360 4442 395 4499 et
414 4436 455 4501 de
475 4435 529 4497 die
550 4432 587 4493 in
604 4429 693 4492 diem
715 4426 757 4490 ad
778 4430 898 4490 terram
921 4446 1071 4490 corruens
1088 4428 1243 4493 ultimum
1266 4404 1403 4465 ‘'ml''
