2992 5010
86 291 159 365 132
623 312 833 367 nnnoauus
858 313 904 365 or
928 314 1048 366 nuos.

84 490 208 536 thearch-
261 484 462 565 propositum
485 484 566 546 dicti
589 483 713 546 domini
736 482 841 544 David
864 484 899 543 in
924 482 1065 545 Domino
1090 486 1359 567 contemplantes,
1374 506 1413 548 ac

84 549 230 665 fflfflffi,
261 578 408 642 volentes
423 600 462 641 ea
476 600 548 661 quae
569 579 610 641 ad
633 579 761 641 laudem
777 578 839 640 Dei
864 584 899 641 et
925 580 976 641 sui
1002 579 1111 641 cultus
1136 590 1352 664 augmentum
1375 604 1413 644 ac

85 666 160 773 ἥθ’
171 673 197 714 ‘⁰
262 674 342 738 dicti
358 672 531 757 hospitalis
545 674 790 749 relevacionem,
805 678 840 736 et
862 673 1113 736 elemosinarum
1130 679 1413 759 supportacionem

262 772 454 854 respiciunt,
463 772 609 853 paternis
620 769 791 833 affectibus
799 790 997 851 promovere,
1009 770 1122 834 habita
1134 793 1231 856 super
1239 773 1414 856 praemissis

262 888 338 930 cum
349 866 566 949 juris-peritis
581 866 818 928 deliberacione
841 866 990 948 pleniori,
1005 868 1046 929 de
1069 889 1227 931 consensu
1242 880 1276 932 et
1300 870 1414 931 volun-

261 969 331 1026 tate
346 963 473 1045 praeiati
488 963 613 1024 domini
627 959 797 1038 Johannis,
809 982 896 1025 nunc
908 965 1062 1040 custodis,
1072 969 1105 1025 et
1115 967 1262 1027 omnium
1277 965 1414 1026 aliorum

262 1080 400 1143 quorum
416 1060 554 1121 interest
569 1059 604 1119 in
619 1054 680 1118 hoc
696 1076 783 1134 casu,
793 1057 990 1136 ordinamus,
1001 1061 1187 1137 statuimus,
1197 1060 1413 1135 decernimus,

263 1161 299 1218 et
312 1155 503 1232 diffinimus,
525 1153 611 1237 quod
635 1153 787 1215 dominus
809 1152 977 1216 Johannes
1000 1154 1042 1216 de
1066 1156 1186 1239 Brigg’,
1203 1177 1289 1218 nunc
1304 1162 1413 1217 custos

262 1247 433 1332 hospitalis
466 1250 625 1331 praedicti,
648 1252 797 1329 tempore
827 1269 892 1330 quo
922 1249 1048 1311 dict-um
1071 1248 1231 1331 hospitale
1259 1253 1413 1327 tenuerit,

262 1344 382 1409 habeat
396 1352 430 1408 et
444 1346 608 1407 custodiat
621 1345 731 1407 omnia
744 1345 829 1406 bona
843 1351 878 1406 et
892 1345 1009 1407 catalla
1020 1347 1173 1426 praedicta
1185 1349 1217 1408 in
1234 1349 1412 1409 utilitatem

262 1462 443 1525 pauperum
474 1447 509 1503 et
538 1440 741 1502 infirmorum
771 1440 917 1521 ejusdem
945 1438 1142 1522 hospitalitis
1168 1440 1249 1526 (sic)
1274 1464 1311 1503 ac
1336 1463 1413 1523 sup·

262 1538 481 1619 portacionem
497 1557 632 1598 onerum
648 1536 757 1598 eidem
772 1534 1048 1613 incumbencium,
1058 1542 1095 1597 ut
1106 1539 1327 1618 praemittitur,
1340 1558 1413 1618 per-

261 1638 362 1714 petuo
383 1633 609 1709 convertenda,
623 1631 773 1714 quodque
795 1632 903 1693 dictus
925 1632 1075 1719 dominus
1102 1631 1267 1696 Johannes
1293 1641 1411 1707 custos,

261 1728 529 1812 quandocumque
558 1728 684 1790 dictum
715 1726 875 1810 hospitale
900 1748 958 1810 per
986 1734 1126 1791 mortem
1152 1735 1210 1790 aut
1233 1731 1411 1791 cessionem

262 1823 421 1908 ejusdem,
444 1830 503 1887 aut
524 1824 588 1886 alio
609 1824 706 1886 modo
721 1843 935 1906 quocumque,
957 1844 1069 1887 vacare
1092 1826 1278 1909 contigerit,
1302 1826 1412 1887 omnia

261 1920 347 1984 bona
361 1926 398 1983 et
411 1921 527 1984 catalla
542 1920 707 2003 praedicta,
730 1920 781 1983 vel
797 1919 913 1981 saltem
936 1939 1049 1982 verum
1064 1923 1208 2002 precium
1224 1922 1412 2003 eorundem,

261 2016 427 2100 relinquat
442 2022 477 2078 et
491 2018 620 2101 integre
635 2016 785 2079 dimittat
800 2035 858 2078 suo
872 2015 1018 2097 proximo
1032 2016 1144 2079 futuro
1166 2020 1340 2080 successori
1355 2038 1413 2100 per

260 2114 469 2176 indenturam
484 2115 519 2175 in
534 2111 595 2175 bac
609 2118 701 2195 parte
724 2112 968 2189 conficiendam,
984 2118 1019 2174 et
1034 2114 1078 2175 sic
1094 2114 1152 2176 fiat
1173 2115 1214 2176 de
1231 2135 1410 2177 successore

261 2208 297 2271 in
312 2230 527 2272 successorem
549 2210 793 2291 inperpetuum,
808 2228 862 2287 ne,
878 2208 964 2290 qnod
990 2208 1087 2287 absit,
1103 2210 1228 2272 dictum
1250 2208 1412 2292 hospitale

262 2324 320 2389 per
333 2306 492 2367 incuriam
508 2312 567 2368 aut
588 2304 827 2387 negligenciam
850 2304 1033 2382 custodum,
1049 2304 1142 2366 bonis
1165 2312 1199 2367 et
1224 2306 1349 2367 catallis
1364 2307 1412 2367 eis

261 2401 317 2483 pia
331 2399 479 2462 fidelium
494 2399 669 2464 devocione
684 2398 821 2477 collatis,
833 2400 920 2481 quod
928 2399 1025 2476 absit,
1035 2400 1075 2462 de
1086 2406 1203 2463 caetero
1214 2401 1411 2479 destruatur,

262 2496 315 2559 vel
344 2494 529 2577 aliqualiter
558 2496 778 2559 defraudetur.
833 2494 993 2556 Volumus
1023 2496 1125 2556 eciam
1155 2497 1241 2577 quod
1271 2497 1411 2579 quilibet

261 2597 369 2655 custos
384 2592 419 2652 in
434 2592 629 2655 admissione
646 2613 705 2655 sua
715 2592 941 2675 juramentum
955 2590 997 2652 ad
1021 2596 1133 2652 sancta
1156 2591 1217 2652 Dei
1233 2592 1412 2677 Evangelia

261 2693 395 2771 praestet
418 2687 592 2769 corporale,
617 2688 704 2771 quod
728 2687 837 2751 omnia
863 2690 1018 2746 contenta
1041 2685 1077 2745 in
1101 2687 1253 2766 praesenti
1280 2688 1411 2750 decreto

260 2790 371 2847 nost-ro
397 2783 580 2847 observabit
614 2791 650 2847 et
675 2781 905 2847 inviolabiliter
930 2780 1049 2842 futuris
1075 2781 1276 2863 temporibus
1305 2784 1411 2845 adim-

260 2880 376 2962 plebit,
401 2880 488 2962 jure,
515 2880 755 2964 jurisdiccione,
785 2875 919 2954 honore,
955 2875 1139 2959 privilegia,
1169 2877 1344 2959 dignitate,
1375 2885 1411 2941 et

260 2975 412 3039 libertate
429 2978 547 3038 nostris
562 2981 596 3039 et
611 2975 752 3038 ecclesiae
767 2978 885 3035 nostrae
893 2971 1055 3055 pmdietae
1069 2972 1104 3032 in
1116 2971 1267 3034 omnibus
1283 2993 1410 3056 semper

262 3072 368 3136 salvis,
413 3073 455 3135 In
480 3093 617 3155 quorum
638 3071 784 3134 omniurn
805 3068 1046 3144 testimonium,
1066 3064 1123 3130 has
1147 3067 1258 3130 literas
1285 3075 1410 3132 nostras

261 3175 411 3253 patentes
439 3169 538 3251 sigilli
563 3169 666 3230 nostri
695 3165 891 3249 appensione
917 3163 1053 3227 fecimus
1083 3165 1288 3226 communiri.
1334 3166 1409 3229 Dat.

261 3266 348 3349 apud
363 3264 471 3347 Thorp
482 3265 579 3348 juxta
594 3264 688 3327 Ebor.
699 3263 799 3326 tercio
814 3262 867 3324 die
877 3261 997 3323 mensis
1007 3261 1165 3337 Januarii,
1176 3262 1268 3323 Anno
1277 3261 1411 3324 Domini

263 3362 440 3423 Millesimo
455 3367 543 3422 ecc¹¹¹⁰
558 3359 623 3435 lxx,
638 3363 673 3421 et
688 3364 805 3420 nostrae
820 3356 1044 3419 translacionis
1059 3355 1184 3419 decimo
1199 3376 1294 3421 nono.

382 3596 574 3651 REGISTER
596 3594 643 3650 OF
669 3596 756 3652 ABP.
781 3598 817 3649 A.
842 3595 1022 3650 NEVILLE.
1058 3611 1114 3650 an.
1134 3597 1301 3652 latr-1388.

85 3736 112 3795 (1
124 3738 159 3797 a)
177 3798 191 3811 .
326 3727 516 3804 Alexander,
531 3727 743 3809 permissione.
758 3728 870 3789 divina
891 3727 987 3789 Ebor.
1003 3725 1270 3811 archiepiscopus,
1286 3731 1411 3813 Angliae

84 3796 214 3902 &¹22⁸
259 3826 391 3907 primas,
407 3829 441 3885 et
461 3822 645 3905 apostolicae
672 3822 758 3885 sedis
781 3822 919 3906 legatus,
938 3823 1065 3885 dilectis
1088 3822 1164 3884 filiis
1187 3824 1337 3906 Capitulo
1359 3847 1413 3890 ec·

84 3935 226 3982 nandum
259 3921 366 3982 clesiae
380 3923 498 3982 nostrae
515 3920 676 4002 coligiatae
690 3918 857 4001 Ryponiae,
872 3918 1022 3995 salutem,
1037 3919 1189 4003 graciam,
1205 3926 1237 3982 et
1262 3920 1413 3985 benedie-

83 3994 189 4100 ffl'ss,
259 4016 397 4077 cionem.
442 4011 525 4076 Cum
555 4034 594 4076 ex
624 4013 720 4076 certis
749 4014 853 4075 causis
883 4034 941 4075 nos
971 4013 1178 4076 moventibus
1208 4018 1412 4081 munimenta

82 4109 181 4191 eamq
259 4110 403 4172 ecclesiae
418 4110 580 4191 praedictae
595 4109 801 4193 praebendam
817 4110 857 4172 de
873 4109 1054 4172 Monketon
1073 4111 1108 4172 in
1125 4111 1238 4174 eadem
1254 4112 1411 4194 qualiter-

81 4166 227 4298 3322„th
258 4226 398 4288 cumque
428 4207 601 4290 tangentia
631 4207 818 4269 duxerimus
849 4207 1075 4290 perquirenda,
1103 4206 1193 4270 vobis
1219 4209 1411 4273 mandamus

81 4294 235 4402 mm:
259 4303 414 4384 quatinus
431 4304 542 4365 omnia
564 4304 701 4386 registra
725 4309 760 4365 et
780 4303 987 4365 munimenta
1009 4303 1104 4365 dictae
1128 4303 1270 4365 eeclesia
1288 4305 1410 4368 dictam

81 4398 216 4510 mitem·
258 4397 464 4481 praebendam
480 4400 521 4461 de
537 4398 728 4461 Monketon’
742 4400 776 4460 in
791 4400 904 4461 eadem
920 4399 1198 4483 qualitercumque
1220 4397 1411 4482 (tangencia
