2992 5010
132 351 308 405 manaem
333 350 432 405 rnou
456 350 553 439 roan
578 351 790 418 mesanam
817 346 1044 406 cannarum
1072 335 1155 431 (ιι).
1345 326 1392 402 71

69 518 213 598 omuino,
230 520 287 582 sed
307 520 480 602 pecuniam
502 521 617 603 ipsam,
635 525 675 583 ut
691 522 822 600 dicitur,
837 522 925 585 idem
942 521 1125 584 Willelmus
1146 541 1221 584 exe·

69 619 164 677 cutor
177 615 356 697 praedictus
371 617 406 678 iu
421 617 573 679 manibus
590 618 657 679 suis
672 623 777 681 tenet.

141 707 323 794 Wheresore
347 731 397 775 wc
426 709 542 794 enjorba
571 710 642 776 that
672 710 724 776 tte
749 710 871 796 prona
902 712 969 777 date
998 718 1030 777 to
1060 710 1112 777 tte
1140 709 1220 775 aoid

69 804 244 888 Reprbcald
266 805 364 890 from
394 805 446 870 tte
469 805 620 892 pretend
649 807 689 892 os
722 806 885 872 Moakton
919 806 954 872 ba
986 807 1219 893 sequestrated.

70 899 242 965 Mamm.
261 903 302 966 16
317 901 396 966 Kal.
411 903 493 967 Noe.
510 902 556 966 Αο
572 904 615 968 7⁰.

138 1057 368 1124 Commission
382 1067 415 1124 to
429 1060 511 1124 Dan
524 1059 568 1124 R
580 1060 621 1126 de
632 1060 790 1145 Henacp,
802 1082 922 1140 canoa,
938 1061 1010 1126 aad
1025 1062 1092 1126 Mr.
1104 1060 1222 1126 Walter
1247 1068 1321 1129 (ὓι)
1309 1127 1375 1174 m

71 1152 113 1216 de
114 1152 278 1263 'Bebarp
293 1154 392 1235 deca,
408 1163 440 1220 to
460 1155 527 1220 call
546 1155 653 1240 before
673 1179 717 1221 os
728 1178 872 1242 perenm
893 1158 1032 1223 accrased
1053 1157 1093 1242 of
1111 1140 1297 1222 dianam
1245 1186 1298 1235 cae
1311 1187 1346 1233 77

71 1247 192 1313 crimes
205 1249 280 1314 aad
294 1271 442 1316 masse.
485 1252 650 1317 Muskam
668 1256 708 1315 16
725 1254 798 1318 Κι1.
814 1254 896 1317 Nov.
915 1257 1010 1317 1312.

137 1408 336 1488 willelmus,
351 1412 425 1492 etc,
440 1411 569 1474 dilectis
589 1411 666 1474 filiis
688 1413 821 1475 domino
844 1413 983 1476 Ricardo
1005 1413 1046 1476 de
1070 1413 1220 1495 Henuay‚
1245 1417 1321 1522 {⁸⁰⁰3
1300 1416 1321 1476 ·)
1312 1475 1378 1520 lm

71 1505 226 1568 canonico
251 1506 395 1569 ecclcsiae
423 1514 543 1569 nostrae
573 1506 709 1590 Rypon’,
734 1514 769 1570 et
798 1507 944 1592 ejusdem
974 1509 1036 1571 loci
1066 1509 1220 1591 capitulo,
1246 1533 1299 1580 Oea
1313 1534 1347 1580 ι7

72 1600 226 1679 salutem,
241 1604 306 1664 etc.
350 1601 503 1677 Quamvis
520 1603 615 1665 sacris
631 1604 675 1665 sit
690 1604 867 1666 canonibus
882 1605 1113 1667 interdictum¹
1129 1604 1220 1666 laicis
1246 1615 1277 1661 1
1279 1615 1360 1660 saw
1339 1628 1397 1661 u

71 1716 109 1758 ac
124 1695 329 1775 mulieribus,
344 1698 448 1760 eciam
469 1698 640 1780 religiosis,
655 1719 696 1760 ne
718 1700 806 1762 inter
828 1700 1009 1781 capellanos
1032 1704 1066 1762 et
1088 1699 1220 1762 clericos
1245 1674 1370 1778 ffl‘x‘

72 1791 183 1854 divino
198 1793 382 1855 ministerio
396 1793 577 1875 deputatos,
593 1794 628 1855 in
651 1791 747 1856 choro
767 1795 819 1857 vel
842 1797 925 1858 circa
946 1795 1047 1858 altare
1064 1800 1147 1858 stare
1162 1799 1221 1856 aut
1245 1790 1345 1894 {⁶¹³⁸ss

73 1887 187 1950 sedere
211 1894 412 1969 praesumant
440 1889 520 1951 dum
549 1890 660 1952 diviua
693 1890 796 1952 officia
827 1890 1043 1968 celebrantur,
1070 1911 1110 1952 ex
1140 1910 1220 1972 quo·
1268 1864 1347 1908 ypon.

71 1983 213 2045 tundam
242 1989 354 2046 tamen
378 1984 600 2047 insinuaaione
630 1985 813 2095 accepimus
843 1986 1040 2047 admirantes
1070 1985 1155 2067 quod
1184 1985 1221 2046 in

72 2079 211 2141 ecclesia
235 2085 346 2142 nostra
374 2079 511 2162 Rypou'‚
541 2080 659 2142 dum
649 2081 752 2162 rpsius
785 2081 929 2142 ministri
957 2081 1078 2142 divinis
1108 2099 1220 2142 vacare

71 2173 231 2238 deberent
254 2175 378 2253 officiis,
401 2174 476 2237 laici
500 2175 721 2259 cujuscunque
744 2176 943 2239 condicionis
965 2176 1086 2257 passim
1109 2176 1177 2238 et
1167 2195 1220 2236 1n·
1246 2186 1359 2256 Layfour

70 2270 260 2333 distincta
249 2291 285 2332 ιιι
310 2270 416 2332 stallis
438 2276 474 2333 et
495 2271 598 2334 alibi
588 2292 624 2333 ιιι
646 2270 766 2334 choro
757 2275 859 2355 ipsius
883 2273 1025 2336 ecclesiae
1048 2271 1163 2334 stando
1186 2276 1221 2334 ct
1244 2245 1349 2351 {ffih

72 2365 217 2429 sedendo
238 2366 325 2428 inter
351 2366 482 2429 clericos
508 2387 542 2429 se
567 2368 766 2445 immiscent,
796 2389 836 2430 ex
865 2389 930 2451 quo
959 2368 1219 2430 ministrancium
1245 2364 1365 2412 devouon.

71 2461 205 2525 devocio
228 2482 312 2545 saepe
328 2462 500 2540 minuitur,
516 2463 665 2526 divinum
680 2462 871 2546 obsequium
887 2464 1074 2546 impeditur,
1090 2468 1125 2526 et
1139 2482 1221 2525 non-

71 2557 171 2619 nullre
201 2556 395 2640 quandoque
424 2557 610 2620 insolenciae
632 2559 895 2635 committuntur,
919 2579 991 2640 quae
1014 2578 1219 2641 nequaquam

71 2653 296 2716 ecclesiasticae
325 2654 525 2715 conveniunt
546 2651 728 2729 honestati3
759 2655 907 2735 quocirca
928 2654 1049 2717 vobis
1039 2674 1074 2715 m
1097 2655 1219 2716 virtute
1244 2661 1279 2707 Το
1289 2663 1375 2708 betor-

71 2749 271 2811 obcdienciae
292 2747 461 2810 firmiter'
451 2747 656 2833 mjungimus
679 2755 714 2811 et
736 2751 927 2812 mandamus
950 2751 1103 2832 quatinus
1118 2750 1218 2812 talem
1243 2721 1350 2827 fflffffi
1344 2734 1370 2766 ¹¹¹

70 2842 221 2921 abusum,
237 2843 461 2906 ecclesiasticas
484 2844 690 2906 institucioni
705 2847 913 2922 contrarium,
928 2865 1010 2926 quae,
1029 2845 1114 2907 sicut
1131 2849 1219 2906 statu

72 2947 106 3001 et
120 2940 308 3002 condicione
323 2939 432 3001 clerici
447 2939 537 3001 laicis
554 2941 621 3001 sint
635 2941 820 3018 distincti,
810 2961 897 3021 1psos
913 2943 1017 3003 eciam
1033 2941 1068 3002 in
1084 2941 1219 3002 ecclesia

71 3034 216 3097 locorum
243 3036 465 3119 assignacione
495 3034 704 3120 disjungits
694 3056 730 3097 m
761 3036 895 3098 ecclesia
924 3042 1034 3098 nostra
1063 3036 1218 3117 praedicta

71 3150 276 3213 nequaquam
310 3130 351 3192 de
380 3135 496 3193 caetero
525 3130 696 3193 tolleretis.
741 3131 857 3193 Nullas
887 3133 1021 3193 omnino
1052 3131 1216 3207 mulieres
1243 3132 1318 3237 ffim

70 3226 238 3310 religiosas
253 3225 305 3288 vel
321 3225 497 3303 saecularea
513 3245 575 3287 uec
589 3225 688 3288 laicos
703 3226 767 3287 nisi
790 3247 924 3309 magnas
947 3231 982 3288 et
1004 3225 1129 3286 nobiles
1145 3245 1218 3307 per·
1243 3251 1325 3308 propre

72 3341 166 3384 sonas
196 3326 255 3383 aut
284 3321 362 3383 alias
392 3341 530 3404 quarum
560 3322 604 3383 sit
633 3319 786 3383 honestas
816 3328 850 3384 et
876 3322 1006 3384 devocio
1030 3320 1107 3381 satis
1130 3325 1218 3396 nota,
1243 3308 1364 3368 exceptet.

70 3417 107 3479 in
130 3416 225 3479 stallo
240 3417 293 3478 vel
315 3417 428 3479 alibi
418 3437 454 3478 m
478 3413 575 3478 choro
598 3417 686 3479 inter
709 3418 875 3479 ministros
897 3416 1040 3478 ecclesiae
1061 3420 1144 3477 stare
1168 3413 1219 3476 vel

71 3514 183 3576 sedere
197 3513 278 3576 dum
299 3513 410 3575 divina
430 3512 636 3575 celebrant-m
651 3512 754 3575 officia
769 3514 1012 3594 permittentes.
1059 3510 1219 3574 Caeterum

70 3611 148 3692 quia
185 3609 336 3671 nonnulli
373 3608 447 3670 laici
483 3613 641 3690 tanquam
676 3615 897 3691 procuratores
928 3607 1220 3690 praebendariorum
1245 3615 1358 3677 Layfolk

71 3706 259 3767 absencium
283 3704 427 3766 ecclcsiae
449 3708 569 3766 nostrae
590 3704 763 3786 praedictae,
780 3709 905 3766 stantes
928 3704 972 3766 ad
991 3704 1116 3783 altaria,
1133 3703 1221 3767 obla·
1244 3665 1367 3782 {ffinff

127 3841 171 3910 (1)
191 3840 219 3895 A
231 3858 296 3912 very
308 3845 384 3911 great
395 3837 510 3895 number
522 3839 553 3894 ol
561 3856 662 3895 canons
672 3838 789 3910 relating
801 3849 831 3893 to
843 3839 898 3892 this
910 3844 1009 3893 matter
1021 3856 1084 3910 may
1092 3838 1125 3893 bs
1136 3838 1221 3894 found
1324 3858 1328 3864 ·

71 3919 108 3990 by
128 3920 261 3990 referring
279 3926 308 3974 to
329 3921 376 3973 the
396 3919 480 3973 index
499 3925 529 3973 to
548 3917 658 3981 Labbe3
684 3917 732 3972 tho
752 3918 860 3972 earliest
881 3936 938 3971 was
958 3916 1108 3972 attributed
1128 3924 1158 3972 tc
1179 3917 1220 3971 St.

71 3998 196 4052 Clamant
206 3998 238 4052 oi
247 3999 332 4052 Rome
345 3999 386 4068 (1).
423 3997 511 4052 There
523 4015 594 4051 were
612 3996 715 4050 similar
733 3996 912 4067 prohibitions
930 3995 959 4049 in
978 3996 1025 4050 tho
1043 3997 1120 4064 East,
1132 3997 1221 4049 where

70 4076 117 4130 the
128 4076 226 4130 Latina
238 4094 309 4130 were
326 4077 482 4131 considered
493 4082 523 4130 ιο
541 4075 575 4131 be
587 4094 653 4146 very
664 4076 712 4128 lar
725 4076 754 4128 in
766 4076 895 4146 allowing
907 4081 956 4128 not
968 4075 1033 4145 only
1044 4076 1159 4145 laymen,
1172 4074 1222 4127 but

71 4172 186 4223 women,
202 4161 232 4208 ιο
249 4155 384 4226 approach
405 4155 452 4209 the
472 4156 551 4209 altar.
588 4154 741 4224 (Bevsregii
761 4155 909 4223 Pandente,
932 4153 950 4208 i.
972 4154 1034 4223 239,
1055 4154 1130 4221 474.)
1164 4153 1222 4207 Tha

70 4233 175 4288 council
188 4233 220 4287 of
235 4233 389 4287 Worcester
401 4234 467 4302 (aa.
482 4234 566 4303 1240)
578 4232 701 4298 ordered,
716 4232 789 4286 ‘Nec
806 4233 869 4287 laici
886 4239 960 4287 stent
971 4232 1000 4286 in
1018 4231 1143 4287 cancellis
1156 4232 1222 4284 dum

69 4311 241 4366 celebrantur
259 4311 359 4379 divina,
372 4310 446 4366 salva
462 4315 556 4365 tamen
575 4309 727 4365 reverentia
743 4318 920 4382 patronarum
939 4317 967 4365 et
985 4310 1144 4364 sublimium
1162 4325 1224 4381 psr·

69 4388 383 4460 sonarum.’-Willrins,
393 4389 411 4445 i.
424 4390 486 4445 666.
523 4388 589 4442 And
600 4405 642 4444 sae
654 4406 671 4443 a
682 4388 784 4443 former
797 4388 891 4444 decree
904 4387 935 4443 oi
944 4388 1017 4462 Abp.
1030 4386 1183 4446 Greenfield
1194 4384 1224 4445 in

72 4468 152 4537 laos,
164 4485 255 4539 supra
266 4485 291 4541 p.
305 4469 348 4524 60.
