2992 5010
106 323 155 396 80
640 340 850 395 monus
876 341 923 394 or
943 342 1064 395 mror.

105 518 220 565 lumin
279 509 320 570 ad
358 509 527 572 ecclesiam
565 516 708 572 nostram
738 509 864 592 Rypon'
892 510 935 573 ab
963 512 1058 572 annis
1087 508 1236 591 plurimis
1266 509 1427 571 sinceriori

105 592 257 682 {ow
280 604 455 667 dileccione
480 605 649 682 afficimur,
672 611 767 667 tauto
791 606 832 667 ad
856 607 960 688 ipsius
982 604 1139 667 honorem
1161 610 1195 666 et
1221 603 1426 666 commodum

105 696 245 798 mi·
279 701 529 782 procurandum,
558 721 684 763 necnon
713 701 754 762 ad
781 700 953 763 abusiones
979 709 1012 763 et
1038 719 1171 777 errores,
1195 701 1223 761 si
1253 699 1367 781 quiin
1390 719 1427 761 ea

108 811 197 880 uffa-⁹
280 796 514 878 pulularerint,
541 796 759 879 extirpandos,
780 803 935 858 tenemur
960 796 1120 858 effimcins
1143 795 1297 857 laborare.
1343 794 1427 857 Sane

99 872 235 974 w„
280 911 385 973 nuper
399 893 440 954 ad
455 893 659 955 audienciam
680 898 825 953 nostram
839 893 1000 974 pervenit,
1015 890 1102 973 quod
1124 894 1349 972 procuratores
1372 910 1427 951 sex

104 988 193 1057 η’·
280 989 506 1049 canonicorum
521 989 616 1049 dictae
631 987 786 1063 ecelesiae,
800 988 893 1049 nullo
914 989 1046 1049 omnino
1068 987 1221 1047 canonico
1242 986 1278 1047 in
1294 985 1427 1047 ecclesia

104 1044 256 1173 m
281 1089 451 1164 prasente,
476 1083 645 1144 interdum
669 1103 782 1145 omnes
806 1088 840 1145 et
864 1083 1030 1145 interdum
1053 1088 1121 1144 tres
1145 1080 1197 1144 vel
1223 1086 1364 1163 quatuor
1386 1081 1426 1143 de

104 1161 246 1280 :⁹⁸³ssss
279 1179 358 1259 ipsis
374 1176 522 1240 scribunt
544 1186 579 1239 et
602 1179 714 1240 literas
735 1179 882 1262 dirigunt
906 1178 968 1240 sub
990 1179 1123 1240 nomine
1150 1177 1298 1258 capit-uli,
1313 1175 1427 1259 hujus·

105 1278 149 1323 aa·
157 1279 239 1348 nisif-
280 1273 367 1334 modi
382 1273 493 1333 literas
509 1273 618 1356 sigillo
632 1276 796 1336 communi
811 1274 947 1357 capituli
970 1276 1209 1357 consignantes,
1224 1293 1300 1334 cum
1315 1277 1425 1334 tamen

100 1352 229 1456 m
279 1370 342 1452 ipsi
378 1389 444 1429 non
474 1370 676 1431 constituant
705 1370 898 1453 capitulum,
921 1391 981 1431 nec
1012 1371 1079 1431 sint
1108 1369 1150 1431 de
1179 1368 1337 1450 capitulo,
1366 1389 1426 1430 nec

17 1459 18 1464 ’
105 1454 218 1500 Μ
278 1465 314 1526 in
340 1464 388 1525 eis
406 1463 462 1546 jus
484 1464 619 1545 capituli
641 1465 782 1527 residere
811 1465 916 1528 valeat
944 1465 1163 1547 quovismodo,
1185 1469 1316 1545 propter
1339 1465 1425 1546 quod

278 1559 358 1621 false
373 1566 549 1621 censentur
573 1557 759 1642 hujusmodi
781 1561 886 1623 litera·
909 1568 942 1623 et
966 1561 1030 1643 ipsi
1053 1567 1090 1622 nt
1112 1559 1233 1621 falsarii
1256 1560 1424 1622 literarum

278 1656 389 1737 puniri
419 1660 550 1737 possent
583 1655 680 1737 juxta
709 1657 864 1718 canoniea
900 1655 1076 1718 instituta.¹
1136 1655 1296 1718 Nolentes
1324 1656 1425 1740 igitur

279 1770 401 1813 errores
417 1755 452 1812 et
476 1750 647 1812 abusiones
669 1749 857 1834 hujusmodi
883 1753 918 1813 in
943 1751 1075 1834 praefata
1097 1751 1232 1813 ecclesia
1253 1750 1295 1813 de
1310 1758 1425 1813 cratero

279 1845 427 1924 tolerare,
441 1846 532 1908 vobis
547 1847 584 1908 in
605 1847 728 1909 virtute
751 1847 947 1909 obedienciae
970 1854 1003 1909 et
1020 1846 1081 1909 sub
1100 1867 1196 1929 poena
1210 1846 1425 1908 districcionis

279 1944 440 2005 eanonicae
469 1941 606 2005 firmiter
633 1942 837 2027 injungendo
866 1944 1068 2021 mandamus,
1090 1943 1256 2025 quatinus,
1285 1943 1424 2024 receptis

103 2051 202 2098 Threx
278 2037 504 2122 praesentibus,
520 2059 575 2100 sex
589 2044 810 2120 procuratores
824 2039 994 2121 praedictos
1007 2059 1112 2101 eoram
1128 2037 1219 2099 robis
1233 2039 1268 2099 in
1283 2038 1425 2121 capitulo

103 2115 210 2216 20¹⁰&
277 2134 471 2211 convocetis,
486 2135 566 2216 ipsis
576 2134 645 2197 vice
661 2141 695 2195 et
710 2136 905 2197 auctoritate
914 2141 1024 2196 nostra
1033 2135 1216 2196 districcius
1225 2131 1424 2210 inhibentes,

103 2227 229 2274 “um
277 2248 320 2290 ne
345 2228 407 2290 sub
432 2231 564 2292 nomine
594 2230 673 2292 dicti
700 2231 835 2312 capituli
860 2231 970 2293 literas
994 2230 1128 2312 aliquas,
1148 2229 1240 2293 nullo
1263 2236 1423 2312 praesente

102 2287 253 2402 ffatiinsi‘ga
278 2325 442 2400 canonico,
457 2324 499 2385 de
513 2329 630 2386 caetero
644 2324 765 2387 faciant
788 2326 840 2388 vel
863 2328 1028 2402 emittant,
1042 2346 1103 2388 nec
1128 2325 1235 2409 sigillo
1257 2325 1423 2387 communi

278 2419 413 2499 capituli
427 2418 541 2501 majori
556 2418 608 2481 vel
623 2420 751 2497 minori,
766 2422 829 2482 nisi
844 2421 1095 2504 praesensfuerit
1105 2422 1224 2504 aliquis
1239 2421 1422 2495 canonieus,

277 2512 518 2595 qualescunque
533 2520 731 2595 praesumant
745 2516 857 2578 literas
871 2519 1072 2601 consignare,
1081 2516 1133 2580 vel
1148 2516 1272 2599 aliquid
1283 2515 1326 2579 de
1341 2535 1422 2599 prae-

277 2608 374 2670 dictis
384 2609 500 2692 sigillis
511 2610 754 2691 quomodolibet
763 2614 897 2694 aperire,
907 2613 967 2676 sub
975 2634 1071 2696 poena
1080 2612 1422 2676 excommunicacionis

276 2702 416 2786 majoris,
431 2725 530 2787 qnam
556 2706 591 2767 in
614 2705 883 2771 contrafacientes
906 2707 1092 2792 hujusmodi
1116 2729 1174 2791 per
1188 2729 1256 2786 vos,
1270 2709 1422 2770 canoniea

102 2818 238 2938 &msa
276 2800 458 2862 monicione
488 2801 663 2882 premissa,
685 2800 878 2884 proferimus
903 2805 937 2865 iu
961 2802 1025 2866 hiis
1056 2804 1193 2886 scriptis.
1239 2801 1421 2866 Inhibeatis

117 2936 123 2947 ·
275 2895 743 2958 insuervieenstrao'
908 2901 915 2914 '
1003 2901 1010 2914 '
1234 2901 1240 2914 '

101 2935 248 3040 m
276 2916 384 3068 diarii,
398 3010 440 3054 ne
455 2993 528 3074 quis
543 2918 655 3055 gerum
669 2898 864 3057 aiirlturiillireest
876 2899 1422 3078 ihffisjffihbcibhihsqffiiri:

100 3061 254 3170 w
276 3107 405 3170 cunque
429 3089 632 3171 spiritualem
657 3109 822 3152 excercere
845 3097 1022 3173 praesumat
1048 3111 1106 3154 seu
1130 3095 1341 3173 praesumant,
1356 3090 1420 3152 nisi

93 3168 209 3275 ff
272 3182 546 3270 jurisdiccioni(s)
560 3183 749 3269 hujusmodi
769 3206 902 3269 capaces
916 3185 1050 3264 fuerint,
1065 3191 1102 3249 et
1116 3187 1163 3248 eis
1177 3207 1198 3248 a
1211 3185 1353 3269 capitulo
1368 3185 1420 3247 vel

129 3284 252 3339 thaha
276 3279 341 3345 alio
351 3278 615 3364 jurisdiceionem
631 3281 835 3364 spiritualem
856 3279 1009 3359 habente,
1024 3280 1214 3364 hujusmodi
1233 3280 1419 3364 jurisdiccio

164 3398 172 3410 ·
277 3375 458 3458 specialiter
488 3378 534 3439 sic
563 3378 743 3453 commissa,
767 3397 828 3439 nec
857 3378 893 3439 in
916 3377 1089 3456 fructibus,
1114 3377 1337 3460 proventibus,
1361 3381 1420 3438 aut

275 3470 525 3534 obvenciouibus
562 3471 809 3554 quibuscunque
839 3474 880 3534 ad
909 3473 1058 3555 praefatas
1094 3472 1284 3556 prebendas
1319 3474 1420 3555 perti·

273 3564 441 3643 uentibus,
462 3565 632 3628 alienando
652 3566 705 3628 vel
728 3565 948 3648 distrahendo,
968 3569 1286 3632 administracionem
1311 3588 1419 3631 excer-

273 3663 381 3738 ceant,
409 3661 474 3722 nisi
496 3660 539 3722 ad
562 3658 623 3722 hoe
652 3680 672 3722 a
702 3662 768 3723 suis
798 3661 938 3725 dominis
969 3665 1140 3748 specialem
1169 3669 1206 3726 et
1235 3684 1419 3746 expressam

168 3784 171 3788 ·
273 3751 450 3818 habuerint
463 3758 672 3838 potestatem,
687 3775 729 3819 ne
743 3755 974 3822 contrahentes
996 3780 1072 3823 enm
1087 3759 1167 3842 ipsis
1180 3759 1369 3843 generalem
1385 3766 1420 3822 et

271 3847 408 3914 liberam
422 3850 738 3914 administracionem
752 3871 818 3915 non
839 3851 1036 3919 habentibus
1058 3857 1228 3938 contingat
1243 3855 1351 3938 decipi
1367 3854 1418 3918 vel

321 3966 365 4038 (1)
384 3966 434 4021 See
445 3967 492 4021 the
508 3967 736 4041 Constitutionrqt'
745 3969 820 4038 otto,
830 3970 882 4024 Tit.
894 3973 944 4028 26:
963 3973 1048 4038 ‘Quen
1059 3972 1146 4028 literar
1159 3971 1235 4026 salsas
1244 3971 1379 4039 (licuntur,
1390 3977 1419 4025 et

271 4057 353 4112 pteua
363 4062 456 4099 eorum
467 4044 515 4116 qni
527 4044 565 4100 eis
576 4046 618 4100 uti
630 4048 830 4120 praemmunt3'
843 4049 895 4104 and
908 4050 962 4105 Tit.
975 4052 1026 4106 27:
1045 4052 1105 4105 ‘De
1117 4050 1221 4121 Sigillis
1233 4050 1418 4116 Anthenticis,

269 4125 300 4174 ot
311 4122 345 4177 de
357 4123 481 4178 custodia
492 4125 601 4180 eornm'
636 4126 694 4181 The
706 4126 880 4198 punishment
897 4129 929 4183 of
939 4128 1054 4202 solearii
1063 4146 1121 4184 was
1131 4127 1346 4200 tramportatiou
1364 4129 1417 4183 and

267 4199 440 4257 ammaon
461 4201 494 4257 of
507 4202 592 4274 gonds
612 4205 641 4258 in
661 4205 710 4260 the
729 4222 790 4260 case
807 4205 840 4259 or'
855 4207 939 4261 atres
956 4224 1029 4273 man,
1041 4208 1095 4262 sud
1115 4207 1200 4262 (laath
1218 4206 1248 4261 in
1266 4207 1330 4260 that
1351 4205 1383 4261 οἱ
1400 4221 1418 4260 a

267 4275 392 4335 'terrm'
430 4280 649 4350 (clamitationes
658 4283 804 4354 Lapatine,
816 4302 860 4356 pp.
873 4285 982 4353 65,67;
1000 4285 1132 4353 Willrins,
1144 4285 1162 4339 i.
1175 4286 1252 4354 6156.)
1289 4285 1319 4338 A
1339 4289 1417 4355 great

265 4367 463 4489 metuens
484 4359 591 4431 against
603 4360 807 4433 fabuntsmm
826 4378 882 4418 an.
895 4365 949 4420 506
970 4365 1149 4431 downwnds,
1169 4380 1232 4437 may
1253 4362 1288 4418 ba
1306 4363 1416 4418 sesnin
