2992 5010
286 311 459 365 mamers
485 311 584 364 anau
610 312 705 364 vous
732 314 944 381 usurarum
972 316 1049 367 11111.
1343 296 1413 369 181

92 479 180 543 dicta
203 499 262 541 sua
284 479 456 561 praebenda
477 481 517 543 ad
540 501 637 543 usum
660 482 863 564 praedictum,
886 452 1242 569 quadraginta'soljdos
1267 492 1389 541 uranu

93 575 240 659 sterliug’
254 577 435 640 annuatim.
479 577 543 640 Mr.
555 576 770 642 Christoferus
784 579 935 665 Dmgley,
948 580 1187 664 praebendarius
1202 580 1243 642 de
1267 554 1316 599 ⁴⁰⁸·

94 671 266 750 Monkton,
281 673 322 735 de
337 674 424 736 dicta
444 694 502 736 sua
519 673 692 756 praebenda
710 675 751 738 ad
767 695 864 738 usum
878 677 1070 760 praedictum
1086 676 1244 738 concessit
1267 636 1401 756 idyrglddff

93 770 266 831 annuatim
288 773 426 851 quatuor
445 790 577 833 marcas.
623 770 677 849 Et,
702 771 807 853 quoad
828 772 1062 855 praebendurios
1082 771 1244 850 absentes,
1267 754 1412 861 {fflff

96 864 185 927 inter
215 865 342 928 dictum
367 865 538 929 dominum
565 867 722 930 vicarium
747 869 935 951 generalem
959 889 996 932 ac
1020 869 1188 931 canonicos
1210 872 1246 930 et
1269 871 1407 978 habendos

95 967 315 1044 procuratores
339 963 510 1044 praedictos
534 968 708 1046 praesentes
734 970 931 1027 conventum
958 969 993 1028 et
1018 963 1245 1027 concordatum
1297 935 1393 979 ⁰³³⁸⁰⁰¹

96 1061 157 1136 est,
180 1058 265 1140 quod
287 1058 499 1141 praebendarii
521 1060 617 1122 dictae
639 1059 782 1122 ecclesiae
803 1061 955 1124 absentes
977 1061 1184 1125 contribuant
1205 1059 1246 1122 ad
1269 1013 1414 1133 dixi-⁸⁹⁰²

96 1174 193 1217 usum
222 1155 413 1235 praedictum
436 1156 477 1218 de
499 1157 596 1219 dictis
620 1157 687 1219 suis
711 1156 893 1239 praebendis
914 1158 1085 1220 annuatim
1106 1155 1246 1239 quilibet
1270 1132 1400 1237 ffim

96 1270 208 1312 eorum
232 1247 321 1333 uql'.
367 1251 500 1314 Proviso
525 1252 612 1334 quod
638 1252 665 1314 si
694 1253 767 1335 quis
792 1273 903 1316 eorum
930 1253 1143 1316 residenciam
1173 1272 1246 1335 per·
1270 1250 1366 1296 archoo

97 1346 242 1409 sonalem
272 1348 308 1409 in
338 1347 425 1410 dicta
452 1369 510 1411 sua
532 1349 705 1431 praebenda
727 1348 854 1428 fecerit,
884 1351 925 1428 is,
957 1351 1002 1412 sic
1035 1349 1247 1432 personaliter
1270 1309 1398 1429 pm:

97 1444 254 1521 residens,
284 1445 470 1507 contribuat
498 1444 539 1507 ad
565 1465 663 1508 usum
694 1446 887 1528 praedictum
917 1466 965 1528 nrJ
998 1465 1120 1507 marcas
1150 1450 1247 1527 prout
1270 1427 1399 1546 {man

97 1540 243 1602 canonici
259 1541 439 1604 residentes
455 1545 490 1603 et
504 1546 680 1623 praesentes
695 1542 920 1605 contribuunt.
1271 1559 1298 1591 ⁰1
1308 1545 1370 1614 aar,

164 1635 291 1699 Deinde
307 1638 414 1699 dictus
429 1639 568 1700 vicarius
583 1638 741 1723 generalis
765 1639 979 1721 sequestravit
994 1658 1106 1700 omnes
1121 1635 1248 1699 fructus
1272 1603 1424 1722 diffisa„

98 1732 329 1806 ecclesiasticos
352 1735 545 1796 communiae
567 1734 708 1797 ecolesiae
730 1735 892 1817 praedictae
914 1735 1126 1817 pertinentes,
1143 1732 1249 1795 'reser-
1273 1735 1411 1783 saevian-

98 1828 181 1890 vatis
195 1828 307 1891 decem
322 1829 412 1892 libris
423 1831 593 1892 annuatim
608 1831 695 1894 dicto
703 1831 860 1914 magistro
870 1830 1011 1914 Dragley
1021 1829 1250 1892 residenciario
1273 1796 1382 1901 {iffi

98 1925 317 2006 proportione
341 1947 399 1988 sua
421 1926 463 1989 de
485 1926 574 1989 dicta
595 1927 789 2004 communia,
805 1946 842 1988 ac
864 1926 1050 2008 quindecim
1073 1924 1171 1986 libras
1192 1944 1251 2006 pro
1275 1913 1398 2018 ‘ffiffeffi

99 2019 276 2082 resident-ia
307 2041 364 2082 sua
393 2021 555 2103 completa
588 2018 647 2083 hoc
677 2040 773 2083 anno.
828 2021 873 2082 Et
903 2021 1073 2103 deputavit
1104 2019 1399 2082 (10111111οεί11101-

99 2112 285 2178 Johannem
308 2117 475 2200 Parcyvall
497 2123 532 2180 et
554 2115 739 2181 Johannem
762 2116 943 2194 Bromfleit,
966 2115 1115 2179 custodes
1138 2114 1252 2198 hujus·
1276 2090 1428 2204 fbffissm,

99 2210 189 2273 modi
204 2213 374 2294 sequestri,
389 2213 430 2275 ad
451 2214 674 2296 recipiendum
696 2215 861 2296 pecunias,
876 2211 1012 2290 fructus,
1028 2216 1063 2274 et
1077 2216 1252 2294 proventus
1277 2208 1324 2277 ²³5¹
1334 2221 1390 2312 t‘¹315‘

101 2306 330 2371 ecclesiasticos
346 2308 387 2371 ad
407 2310 626 2372 communiam
648 2309 837 2392 praedictam
859 2309 1081 2390 pertinentes3
1103 2308 1152 2370 ita
1166 2305 1252 2390 quod
1277 2279 1429 2373 mireum

100 2403 246 2484 quolibet
266 2405 429 2486 quarterio
452 2405 530 2467 anni
553 2405 604 2468 vel
625 2404 748 2488 pluries
770 2424 872 2487 quum
887 2403 928 2466 ad
951 2403 985 2465 id
999 2401 1125 2465 fuerint
1145 2403 1253 2485 requi·

100 2499 167 2575 siti,
193 2519 306 2561 verum
337 2506 528 2582 computum
558 2501 599 2563 de
629 2501 768 2582 receptis
798 2502 833 2561 in
860 2499 955 2561 domo
984 2498 1119 2581 capituli
1146 2518 1253 2561 coram

100 2593 188 2656 dicto
208 2593 417 2674 thesaurario,
433 2595 561 2676 abbate,
584 2596 804 2680 praebendario
826 2596 868 2658 de
890 2592 1009 2677 Thorp,
1025 2600 1060 2658 et
1082 2595 1170 2658 dicto
1184 2614 1254 2656 ma-

99 2691 203 2774 gistro
219 2690 316 2770 Scall,
332 2713 390 2754 seu
411 2692 542 2754 illorum
557 2692 693 2770 duobus,
720 2692 876 2767 reddaut;
899 2695 935 2753 et
956 2690 1134 2774 assignavit
1156 2690 1253 2751 dictis

100 2787 261 2849 Parciuall
277 2792 312 2850 et
323 2788 500 2850 Bromeflet
508 2809 566 2871 pro
580 2788 742 2851 laboribus
759 2792 793 2850 et
809 2787 981 2869 stipendia
990 2786 1128 2848 durante
1139 2783 1254 2867 hujus-

101 2882 189 2943 modi
209 2888 383 2965 sequestm,
399 2886 531 2967 utrique
554 2905 666 2948 eorum
688 2883 901 2967 quadraginta
923 2882 1039 2944 solidos
1061 2881 1254 2955 annuatim3

101 2978 268 3060 voluitque
295 2980 380 3061 quod
406 2978 594 3063 hujusmodi
618 2981 768 3043 custodes
790 2979 838 3041 nil
859 2978 1025 3061 applicent
1046 2976 1097 3040 vel
1123 2995 1256 3039 conver·

101 3076 175 3135 tant
196 3075 236 3136 ad
260 3096 356 3136 usum
379 3075 507 3138 fabricae
533 3077 694 3159 praedictae
720 3075 841 3157 absque
864 3074 1008 3153 consilio,
1031 3091 1199 3150 consensu,
1220 3078 1255 3133 et

100 3170 253 3232 mandato
268 3191 415 3252 expresso
430 3172 592 3234 dictorum
614 3171 751 3248 abbatis,
768 3168 970 3246 thesaurarii,
986 3173 1020 3230 et
1041 3166 1254 3249 praebendarii

98 3264 139 3326 de
166 3265 344 3349 Staugwik.
390 3266 516 3330 Statuit
541 3287 670 3351 quoque
697 3265 783 3348 quod
809 3263 948 3346 pecunia
971 3281 1029 3344 per
1054 3262 1158 3324 dictos
1182 3281 1253 3323 cus·

78 3396 80 3401 ·
100 3362 192 3424 tudes
208 3368 337 3445 recepta
359 3369 534 3447 reponatur
556 3366 591 3426 in
607 3365 689 3426 cista
710 3364 746 3424 in
769 3362 856 3424 dicta
875 3358 1014 3442 ,ecclesia
1036 3358 1077 3421 ad
1093 3357 1153 3420 hoc
1168 3357 1254 3419 anti·

100 3460 212 3541 quitus
228 3460 375 3522 ordinata
390 3460 450 3524 sub
473 3461 611 3524 duorum
634 3459 774 3524 clavium
788 3456 945 3535 custodia,
960 3456 1017 3538 qui
1039 3453 1255 3518 remanebunt

101 3555 136 3616 in
152 3555 305 3618 manibus
319 3555 481 3618 dictorum
497 3557 656 3639 sequestri
672 3554 853 3619 custodum.

168 3748 209 3808 In
224 3749 286 3809 Dei
301 3751 445 3830 nomine,
460 3750 576 3813 Amen.
620 3750 688 3812 Nos
699 3748 884 3810 Willelmus
900 3744 993 3829 clyff,
1006 3745 1118 3828 legum
1132 3743 1252 3821 doctor,
1276 3751 1327 3797 'ste
1337 3751 1395 3798 daed

100 3845 360 3907 reverendissimi
387 3848 423 3908 in
448 3844 575 3910 Christo
600 3847 703 3929 patris
727 3851 763 3908 et
786 3844 921 3922 domini,
947 3843 1072 3905 domini
1095 3840 1253 3919 Edwardi,
1277 3812 1408 3916 affl*

99 3940 311 4018 permissione
341 3942 451 4004 divina
480 3942 577 4004 Ebor.
607 3940 849 4023 archiepiscopi,
879 3939 1005 4023 Angliae
1035 3937 1182 4020 primatis
1218 3941 1254 3998 et

98 4036 351 4117 metropolitani,
366 4040 558 4101 auctoritate
581 4039 704 4101 domini
720 4038 821 4099 nostri
844 4037 955 4120 Regis,
971 4034 1114 4117 supremi
1137 4032 1253 4113 capitis

98 4130 240 4193 ecclesiae
259 4134 455 4216 Anglicauae,
474 4136 607 4212 muniti,
622 4135 759 4196 vicarius
781 4134 817 4194 in
837 4131 1059 4215 spiritualibus
1081 4128 1252 4214 generalis.

100 4226 183 4299 Quia
198 4231 412 4312 comperimus
428 4237 463 4292 et
484 4252 543 4313 per
564 4232 671 4293 visum
694 4230 786 4292 nobis
810 4229 976 4291 evidenter
998 4230 1135 4305 constat,
1151 4225 1253 4288 eccle-

100 4323 180 4384 siarn
197 4321 280 4386 hanc
295 4327 499 4409 collegiatam
518 4327 630 4389 Sancti
645 4326 786 4388 Wilfridi
809 4323 926 4406 Ripon’
941 4324 976 4385 in
998 4327 1133 4399 tectura,
1149 4322 1253 4404 parie-

103 4419 204 4498 tibus,
222 4426 254 4484 ct
270 4421 431 4503 lapidibus
455 4443 606 4506 magnam
630 4426 747 4486 ettam
770 4424 940 4506 ingentem
963 4420 1031 4501 pati
1053 4419 1191 4494 ruinam,
1207 4417 1253 4478 ita
