<?xml version="1.0" encoding="UTF-8"?>
<!DOCTYPE html PUBLIC "-//W3C//DTD XHTML 1.0 Transitional//EN"
    "http://www.w3.org/TR/xhtml1/DTD/xhtml1-transitional.dtd">
<html xmlns="http://www.w3.org/1999/xhtml" xml:lang="en" lang="en">
 <head>
  <title>
</title>
<meta http-equiv="Content-Type" content="text/html;charset=utf-8" />
  <meta name='ocr-system' content='tesseract 3.04.00' />
  <meta name='ocr-capabilities' content='ocr_page ocr_carea ocr_par ocr_line ocrx_word'/>
</head>
<body>
  <div class='ocr_page' id='page_1' title='image "./memorialschurch04fowlgoog_0236.png"; bbox 0 0 2992 5010; ppageno 0'>
   <div class='ocr_carea' id='block_1_1' title="bbox 457 339 948 394">
    <p class='ocr_par' dir='ltr' id='par_1_1' title="bbox 457 339 948 394">
     <span class='ocr_line' id='line_1_1' title="bbox 457 339 948 394; baseline -0.006 -1"><span class='ocrx_word' id='word_1_1' title='bbox 457 340 725 394; x_wconf 74' lang='lat' dir='ltr'><strong>Punssnnunulus</strong></span> <span class='ocrx_word' id='word_1_2' title='bbox 750 341 795 393; x_wconf 72' lang='lat' dir='ltr'><strong>Oi*</strong></span> <span class='ocrx_word' id='word_1_3' title='bbox 821 339 948 393; x_wconf 84' lang='lat' dir='ltr'>THORP.</span> 
     </span>
    </p>
   </div>
   <div class='ocr_carea' id='block_1_2' title="bbox 1381 322 1450 392">
    <p class='ocr_par' dir='ltr' id='par_1_2' title="bbox 1381 322 1450 392">
     <span class='ocr_line' id='line_1_2' title="bbox 1381 322 1450 392; baseline 0 0"><span class='ocrx_word' id='word_1_4' title='bbox 1381 322 1450 392; x_wconf 84' lang='lat'><strong>221</strong></span> 
     </span>
    </p>
   </div>
   <div class='ocr_carea' id='block_1_3' title="bbox 195 505 1398 593">
    <p class='ocr_par' dir='ltr' id='par_1_3' title="bbox 195 505 1398 593">
     <span class='ocr_line' id='line_1_3' title="bbox 195 505 1398 593; baseline -0.003 -21"><span class='ocrx_word' id='word_1_5' title='bbox 195 509 264 573; x_wconf 80' lang='lat' dir='ltr'><strong>Mu.</strong></span> <span class='ocrx_word' id='word_1_6' title='bbox 287 511 390 573; x_wconf 79' lang='lat' dir='ltr'><strong>Huun</strong></span> <span class='ocrx_word' id='word_1_7' title='bbox 416 511 560 588; x_wconf 78' lang='lat' dir='ltr'><strong>Asnrou,</strong></span> <span class='ocrx_word' id='word_1_8' title='bbox 585 510 658 574; x_wconf 89' lang='lat' dir='ltr'><strong>coll.</strong></span> <span class='ocrx_word' id='word_1_9' title='bbox 684 530 717 593; x_wconf 89' lang='lat' dir='ltr'><strong>p.</strong></span> <span class='ocrx_word' id='word_1_10' title='bbox 742 530 803 572; x_wconf 88' lang='lat' dir='ltr'><strong>res.</strong></span> <span class='ocrx_word' id='word_1_11' title='bbox 835 505 904 571; x_wconf 52' lang='lat' dir='ltr'><strong>Md.</strong></span> <span class='ocrx_word' id='word_1_12' title='bbox 931 506 1140 571; x_wconf 81' lang='lat' dir='ltr'><strong>WssLCoke.</strong></span> <span class='ocrx_word' id='word_1_13' title='bbox 1179 506 1398 622; x_wconf 77' lang='lat' dir='ltr'><strong>(Reg.l⁶21-2</strong></span> 
     </span>
    </p>
   </div>
   <div class='ocr_carea' id='block_1_4' title="bbox 130 575 1357 691">
    <p class='ocr_par' dir='ltr' id='par_1_4' title="bbox 130 575 1357 691">
     <span class='ocr_line' id='line_1_4' title="bbox 130 575 1357 691; baseline 0.002 -25"><span class='ocrx_word' id='word_1_14' title='bbox 130 606 474 691; x_wconf 87' lang='lat' dir='ltr'><strong>Wolsey,106,107.)</strong></span> <span class='ocrx_word' id='word_1_15' title='bbox 519 605 622 690; x_wconf 87' lang='lat' dir='ltr'>Hugh</span> <span class='ocrx_word' id='word_1_16' title='bbox 637 605 809 684; x_wconf 79' lang='lat' dir='ltr'><strong>Ascheton,</strong></span> <span class='ocrx_word' id='word_1_17' title='bbox 824 625 886 668; x_wconf 79' lang='lat' dir='ltr'><strong>was</strong></span> <span class='ocrx_word' id='word_1_18' title='bbox 908 602 967 667; x_wconf 88' lang='lat' dir='ltr'><strong>the</strong></span> <span class='ocrx_word' id='word_1_19' title='bbox 991 602 1077 666; x_wconf 85' lang='lat' dir='ltr'><strong>sixth</strong></span> <span class='ocrx_word' id='word_1_20' title='bbox 1100 624 1157 667; x_wconf 87' lang='lat' dir='ltr'><strong>son</strong></span> <span class='ocrx_word' id='word_1_21' title='bbox 1172 605 1208 667; x_wconf 87' lang='lat' dir='ltr'><strong>of</strong></span> <span class='ocrx_word' id='word_1_22' title='bbox 1227 575 1357 668; x_wconf 55' lang='lat' dir='ltr'><strong>sirm</strong></span> 
     </span>
    </p>
   </div>
   <div class='ocr_carea' id='block_1_5' title="bbox 128 747 1281 2006">
    <p class='ocr_par' dir='ltr' id='par_1_5' title="bbox 128 747 1281 2006">
     <span class='ocr_line' id='line_1_5' title="bbox 128 747 1279 823; baseline -0.002 -19"><span class='ocrx_word' id='word_1_23' title='bbox 128 749 258 822; x_wconf 68' lang='lat' dir='ltr'><strong>predicta</strong></span> <span class='ocrx_word' id='word_1_24' title='bbox 270 750 334 804; x_wconf 90' lang='lat' dir='ltr'><strong>eccl.</strong></span> <span class='ocrx_word' id='word_1_25' title='bbox 350 750 421 818; x_wconf 86' lang='lat' dir='ltr'><strong>coll,</strong></span> <span class='ocrx_word' id='word_1_26' title='bbox 433 768 464 804; x_wconf 91' lang='lat' dir='ltr'><strong>ac</strong></span> <span class='ocrx_word' id='word_1_27' title='bbox 476 749 694 823; x_wconf 61' lang='lat' dir='ltr'><strong>praebendarium</strong></span> <span class='ocrx_word' id='word_1_28' title='bbox 706 747 857 820; x_wconf 74' lang='lat' dir='ltr'><strong>praebendus</strong></span> <span class='ocrx_word' id='word_1_29' title='bbox 875 749 909 801; x_wconf 88' lang='lat' dir='ltr'><strong>de</strong></span> <span class='ocrx_word' id='word_1_30' title='bbox 922 747 1127 818; x_wconf 76' lang='lat' dir='ltr'><strong>Stanewigges</strong></span> <span class='ocrx_word' id='word_1_31' title='bbox 1120 764 1148 799; x_wconf 82' lang='lat' dir='ltr'><strong>ru</strong></span> <span class='ocrx_word' id='word_1_32' title='bbox 1167 747 1279 814; x_wconf 86' lang='lat' dir='ltr'><strong>eadem;</strong></span> 
     </span>
     <span class='ocr_line' id='line_1_6' title="bbox 128 825 1279 901; baseline -0.001 -19"><span class='ocrx_word' id='word_1_33' title='bbox 128 829 277 882; x_wconf 81' lang='lat' dir='ltr'><strong>Ricardum</strong></span> <span class='ocrx_word' id='word_1_34' title='bbox 289 828 374 896; x_wconf 75' lang='lat' dir='ltr'><strong>(look,</strong></span> <span class='ocrx_word' id='word_1_35' title='bbox 387 829 517 885; x_wconf 85' lang='lat' dir='ltr'><strong>vicarium</strong></span> <span class='ocrx_word' id='word_1_36' title='bbox 530 837 689 901; x_wconf 91' lang='lat' dir='ltr'><strong>perpetuum</strong></span> <span class='ocrx_word' id='word_1_37' title='bbox 699 828 818 882; x_wconf 84' lang='lat' dir='ltr'><strong>ecclesiae</strong></span> <span class='ocrx_word' id='word_1_38' title='bbox 828 827 861 881; x_wconf 90' lang='lat' dir='ltr'><strong>de</strong></span> <span class='ocrx_word' id='word_1_39' title='bbox 871 827 954 895; x_wconf 89' lang='lat' dir='ltr'><strong>Well,</strong></span> <span class='ocrx_word' id='word_1_40' title='bbox 963 826 1045 880; x_wconf 71' lang='lat' dir='ltr'><strong>dictu</strong></span> <span class='ocrx_word' id='word_1_41' title='bbox 1055 825 1136 880; x_wconf 87' lang='lat' dir='ltr'><strong>Ebur.</strong></span> <span class='ocrx_word' id='word_1_42' title='bbox 1146 826 1279 894; x_wconf 87' lang='lat' dir='ltr'><strong>dioeoesis,</strong></span> 
     </span>
     <span class='ocr_line' id='line_1_7' title="bbox 129 904 1280 979; baseline -0.003 -17"><span class='ocrx_word' id='word_1_43' title='bbox 129 916 159 962; x_wconf 87' lang='lat' dir='ltr'><strong>et</strong></span> <span class='ocrx_word' id='word_1_44' title='bbox 169 908 189 962; x_wconf 92' lang='lat' dir='ltr'>J</span> <span class='ocrx_word' id='word_1_45' title='bbox 189 908 322 962; x_wconf 88' lang='lat' dir='ltr'><strong>ohannem</strong></span> <span class='ocrx_word' id='word_1_46' title='bbox 335 908 421 977; x_wconf 87' lang='lat' dir='ltr'><strong>Wall,</strong></span> <span class='ocrx_word' id='word_1_47' title='bbox 433 908 569 962; x_wconf 83' lang='lat' dir='ltr'><strong>notarium</strong></span> <span class='ocrx_word' id='word_1_48' title='bbox 580 907 729 979; x_wconf 89' lang='lat' dir='ltr'><strong>publicum,</strong></span> <span class='ocrx_word' id='word_1_49' title='bbox 741 905 906 978; x_wconf 86' lang='lat' dir='ltr'><strong>conjunctim</strong></span> <span class='ocrx_word' id='word_1_50' title='bbox 919 913 947 959; x_wconf 91' lang='lat' dir='ltr'><strong>et</strong></span> <span class='ocrx_word' id='word_1_51' title='bbox 963 904 1080 971; x_wconf 78' lang='lat' dir='ltr'>divisim,</span> <span class='ocrx_word' id='word_1_52' title='bbox 1092 912 1121 959; x_wconf 92' lang='lat' dir='ltr'><strong>et</strong></span> <span class='ocrx_word' id='word_1_53' title='bbox 1132 905 1280 976; x_wconf 90' lang='lat' dir='ltr'><strong>quemlibet</strong></span> 
     </span>
     <span class='ocr_line' id='line_1_8' title="bbox 130 983 1278 1059; baseline -0.001 -19"><span class='ocrx_word' id='word_1_54' title='bbox 130 1004 222 1041; x_wconf 90' lang='lat' dir='ltr'><strong>eornm</strong></span> <span class='ocrx_word' id='word_1_55' title='bbox 233 1004 283 1059; x_wconf 89' lang='lat' dir='ltr'><strong>pro</strong></span> <span class='ocrx_word' id='word_1_56' title='bbox 296 1005 323 1040; x_wconf 88' lang='lat' dir='ltr'><strong>se</strong></span> <span class='ocrx_word' id='word_1_57' title='bbox 333 995 362 1041; x_wconf 87' lang='lat' dir='ltr'><strong>et</strong></span> <span class='ocrx_word' id='word_1_58' title='bbox 373 987 402 1040; x_wconf 91' lang='lat' dir='ltr'><strong>in</strong></span> <span class='ocrx_word' id='word_1_59' title='bbox 414 987 539 1055; x_wconf 88' lang='lat' dir='ltr'><strong>solidum,</strong></span> <span class='ocrx_word' id='word_1_60' title='bbox 551 986 592 1041; x_wconf 91' lang='lat' dir='ltr'><strong>ita</strong></span> <span class='ocrx_word' id='word_1_61' title='bbox 603 987 676 1056; x_wconf 90' lang='lat' dir='ltr'><strong>qnod</strong></span> <span class='ocrx_word' id='word_1_62' title='bbox 693 1003 747 1039; x_wconf 91' lang='lat' dir='ltr'><strong>non</strong></span> <span class='ocrx_word' id='word_1_63' title='bbox 766 986 804 1039; x_wconf 89' lang='lat' dir='ltr'><strong>sit</strong></span> <span class='ocrx_word' id='word_1_64' title='bbox 820 985 915 1038; x_wconf 89' lang='lat' dir='ltr'><strong>melior</strong></span> <span class='ocrx_word' id='word_1_65' title='bbox 928 983 1048 1038; x_wconf 90' lang='lat' dir='ltr'><strong>condicio</strong></span> <span class='ocrx_word' id='word_1_66' title='bbox 1063 983 1217 1056; x_wconf 89' lang='lat' dir='ltr'><strong>occupantis</strong></span> <span class='ocrx_word' id='word_1_67' title='bbox 1229 1002 1278 1039; x_wconf 87' lang='lat' dir='ltr'><strong>nec</strong></span> 
     </span>
     <span class='ocr_line' id='line_1_9' title="bbox 129 1063 1280 1137; baseline -0.001 -18"><span class='ocrx_word' id='word_1_68' title='bbox 129 1066 246 1120; x_wconf 75' lang='lat' dir='ltr'><strong>deterior</strong></span> <span class='ocrx_word' id='word_1_69' title='bbox 267 1066 461 1137; x_wconf 86' lang='lat' dir='ltr'><strong>subsequentis,</strong></span> <span class='ocrx_word' id='word_1_70' title='bbox 485 1066 533 1120; x_wconf 86' lang='lat' dir='ltr'><strong>sed</strong></span> <span class='ocrx_word' id='word_1_71' title='bbox 552 1065 625 1136; x_wconf 93' lang='lat' dir='ltr'><strong>quod</strong></span> <span class='ocrx_word' id='word_1_72' title='bbox 645 1082 715 1118; x_wconf 86' lang='lat' dir='ltr'><strong>unus</strong></span> <span class='ocrx_word' id='word_1_73' title='bbox 735 1081 829 1117; x_wconf 91' lang='lat' dir='ltr'><strong>eorum</strong></span> <span class='ocrx_word' id='word_1_74' title='bbox 849 1063 988 1134; x_wconf 76' lang='lat' dir='ltr'><strong>inceperit,</strong></span> <span class='ocrx_word' id='word_1_75' title='bbox 1008 1063 1037 1115; x_wconf 92' lang='lat' dir='ltr'><strong>id</strong></span> <span class='ocrx_word' id='word_1_76' title='bbox 1052 1080 1146 1117; x_wconf 91' lang='lat' dir='ltr'><strong>eornm</strong></span> <span class='ocrx_word' id='word_1_77' title='bbox 1164 1063 1280 1133; x_wconf 79' lang='lat' dir='ltr'><strong>quilibet</strong></span> 
     </span>
     <span class='ocr_line' id='line_1_10' title="bbox 129 1141 1279 1217; baseline 0 -19"><span class='ocrx_word' id='word_1_78' title='bbox 129 1145 203 1200; x_wconf 91' lang='lat' dir='ltr'><strong>licite</strong></span> <span class='ocrx_word' id='word_1_79' title='bbox 214 1146 304 1199; x_wconf 83' lang='lat' dir='ltr'><strong>valeat</strong></span> <span class='ocrx_word' id='word_1_80' title='bbox 316 1145 447 1217; x_wconf 79' lang='lat' dir='ltr'><strong>prosequi,</strong></span> <span class='ocrx_word' id='word_1_81' title='bbox 458 1145 585 1212; x_wconf 88' lang='lat' dir='ltr'><strong>mediare,</strong></span> <span class='ocrx_word' id='word_1_82' title='bbox 598 1143 743 1198; x_wconf 82' lang='lat' dir='ltr'><strong>terminare</strong></span> <span class='ocrx_word' id='word_1_83' title='bbox 764 1142 863 1214; x_wconf 84' lang='lat' dir='ltr'><strong>pariter</strong></span> <span class='ocrx_word' id='word_1_84' title='bbox 874 1150 903 1196; x_wconf 87' lang='lat' dir='ltr'><strong>et</strong></span> <span class='ocrx_word' id='word_1_85' title='bbox 915 1142 1000 1209; x_wconf 85' lang='lat' dir='ltr'><strong>finire,</strong></span> <span class='ocrx_word' id='word_1_86' title='bbox 1012 1141 1081 1196; x_wconf 90' lang='lat' dir='ltr'><strong>citra</strong></span> <span class='ocrx_word' id='word_1_87' title='bbox 1098 1150 1190 1196; x_wconf 88' lang='lat' dir='ltr'><strong>tamen</strong></span> <span class='ocrx_word' id='word_1_88' title='bbox 1202 1160 1279 1198; x_wconf 83' lang='lat' dir='ltr'><strong>revo-</strong></span> 
     </span>
     <span class='ocr_line' id='line_1_11' title="bbox 129 1221 1279 1295; baseline -0.002 -17"><span class='ocrx_word' id='word_1_89' title='bbox 129 1225 267 1278; x_wconf 83' lang='lat' dir='ltr'><strong>cacionem</strong></span> <span class='ocrx_word' id='word_1_90' title='bbox 279 1224 391 1279; x_wconf 86' lang='lat' dir='ltr'><strong>aliorum</strong></span> <span class='ocrx_word' id='word_1_91' title='bbox 404 1231 607 1295; x_wconf 85' lang='lat' dir='ltr'><strong>procuratorum</strong></span> <span class='ocrx_word' id='word_1_92' title='bbox 619 1240 666 1295; x_wconf 90' lang='lat' dir='ltr'><strong>per</strong></span> <span class='ocrx_word' id='word_1_93' title='bbox 677 1239 721 1276; x_wconf 91' lang='lat' dir='ltr'><strong>me</strong></span> <span class='ocrx_word' id='word_1_94' title='bbox 739 1222 870 1276; x_wconf 87' lang='lat' dir='ltr'><strong>hactenus</strong></span> <span class='ocrx_word' id='word_1_95' title='bbox 881 1221 1096 1290; x_wconf 88' lang='lat' dir='ltr'><strong>constitutorum,</strong></span> <span class='ocrx_word' id='word_1_96' title='bbox 1107 1239 1181 1275; x_wconf 89' lang='lat' dir='ltr'><strong>meos</strong></span> <span class='ocrx_word' id='word_1_97' title='bbox 1192 1239 1279 1290; x_wconf 79' lang='lat' dir='ltr'><strong>veros,</strong></span> 
     </span>
     <span class='ocr_line' id='line_1_12' title="bbox 128 1300 1279 1376; baseline -0.002 -19"><span class='ocrx_word' id='word_1_98' title='bbox 128 1302 273 1373; x_wconf 77' lang='lat' dir='ltr'><strong>legitimos,</strong></span> <span class='ocrx_word' id='word_1_99' title='bbox 285 1312 313 1358; x_wconf 88' lang='lat' dir='ltr'><strong>et</strong></span> <span class='ocrx_word' id='word_1_100' title='bbox 324 1303 490 1357; x_wconf 89' lang='lat' dir='ltr'><strong>indubitatos</strong></span> <span class='ocrx_word' id='word_1_101' title='bbox 501 1309 694 1376; x_wconf 89' lang='lat' dir='ltr'><strong>procuratores,</strong></span> <span class='ocrx_word' id='word_1_102' title='bbox 705 1307 818 1369; x_wconf 85' lang='lat' dir='ltr'><strong>actores,</strong></span> <span class='ocrx_word' id='word_1_103' title='bbox 836 1301 959 1367; x_wconf 85' lang='lat' dir='ltr'><strong>factores,</strong></span> <span class='ocrx_word' id='word_1_104' title='bbox 971 1300 1132 1369; x_wconf 83' lang='lat' dir='ltr'><strong>defensores,</strong></span> <span class='ocrx_word' id='word_1_105' title='bbox 1144 1300 1279 1370; x_wconf 78' lang='lat' dir='ltr'><strong>negocior-</strong></span> 
     </span>
     <span class='ocr_line' id='line_1_13' title="bbox 129 1380 1280 1453; baseline -0.001 -17"><span class='ocrx_word' id='word_1_106' title='bbox 129 1400 227 1453; x_wconf 91' lang='lat' dir='ltr'><strong>umque</strong></span> <span class='ocrx_word' id='word_1_107' title='bbox 240 1400 359 1436; x_wconf 89' lang='lat' dir='ltr'><strong>meorum</strong></span> <span class='ocrx_word' id='word_1_108' title='bbox 371 1388 500 1452; x_wconf 79' lang='lat' dir='ltr'><strong>gestures,</strong></span> <span class='ocrx_word' id='word_1_109' title='bbox 510 1389 539 1435; x_wconf 89' lang='lat' dir='ltr'><strong>et</strong></span> <span class='ocrx_word' id='word_1_110' title='bbox 551 1380 662 1436; x_wconf 82' lang='lat' dir='ltr'><strong>nuncios</strong></span> <span class='ocrx_word' id='word_1_111' title='bbox 669 1380 796 1452; x_wconf 82' lang='lat' dir='ltr'><strong>speciales</strong></span> <span class='ocrx_word' id='word_1_112' title='bbox 804 1388 832 1433; x_wconf 91' lang='lat' dir='ltr'><strong>et</strong></span> <span class='ocrx_word' id='word_1_113' title='bbox 841 1380 986 1450; x_wconf 74' lang='lat' dir='ltr'><strong>generales,</strong></span> <span class='ocrx_word' id='word_1_114' title='bbox 995 1380 1035 1434; x_wconf 85' lang='lat' dir='ltr'><strong>ita</strong></span> <span class='ocrx_word' id='word_1_115' title='bbox 1046 1381 1116 1452; x_wconf 92' lang='lat' dir='ltr'><strong>quod</strong></span> <span class='ocrx_word' id='word_1_116' title='bbox 1126 1381 1280 1452; x_wconf 86' lang='lat' dir='ltr'><strong>specialitas</strong></span> 
     </span>
     <span class='ocr_line' id='line_1_14' title="bbox 129 1459 1280 1532; baseline 0 -18"><span class='ocrx_word' id='word_1_117' title='bbox 129 1461 302 1532; x_wconf 80' lang='lat' dir='ltr'><strong>generalitati</strong></span> <span class='ocrx_word' id='word_1_118' title='bbox 314 1479 368 1515; x_wconf 93' lang='lat' dir='ltr'><strong>non</strong></span> <span class='ocrx_word' id='word_1_119' title='bbox 379 1462 490 1530; x_wconf 84' lang='lat' dir='ltr'><strong>deroget</strong></span> <span class='ocrx_word' id='word_1_120' title='bbox 507 1477 557 1515; x_wconf 90' lang='lat' dir='ltr'><strong>nec</strong></span> <span class='ocrx_word' id='word_1_121' title='bbox 574 1478 590 1514; x_wconf 90' lang='lat' dir='ltr'><strong>e</strong></span> <span class='ocrx_word' id='word_1_122' title='bbox 607 1467 713 1527; x_wconf 89' lang='lat' dir='ltr'><strong>contra,</strong></span> <span class='ocrx_word' id='word_1_123' title='bbox 730 1459 841 1526; x_wconf 90' lang='lat' dir='ltr'><strong>Ordino,</strong></span> <span class='ocrx_word' id='word_1_124' title='bbox 852 1476 922 1525; x_wconf 78' lang='lat' dir='ltr'><strong>meo,</strong></span> <span class='ocrx_word' id='word_1_125' title='bbox 939 1459 1020 1526; x_wconf 84' lang='lat' dir='ltr'><strong>facio,</strong></span> <span class='ocrx_word' id='word_1_126' title='bbox 1036 1465 1065 1514; x_wconf 89' lang='lat' dir='ltr'><strong>et</strong></span> <span class='ocrx_word' id='word_1_127' title='bbox 1081 1459 1215 1514; x_wconf 85' lang='lat' dir='ltr'><strong>constituo</strong></span> <span class='ocrx_word' id='word_1_128' title='bbox 1233 1478 1280 1532; x_wconf 91' lang='lat' dir='ltr'><strong>per</strong></span> 
     </span>
     <span class='ocr_line' id='line_1_15' title="bbox 129 1537 1280 1612; baseline -0.001 -17"><span class='ocrx_word' id='word_1_129' title='bbox 129 1547 282 1612; x_wconf 76' lang='lat' dir='ltr'><strong>praesentes,</strong></span> <span class='ocrx_word' id='word_1_130' title='bbox 307 1540 376 1594; x_wconf 86' lang='lat' dir='ltr'><strong>dans</strong></span> <span class='ocrx_word' id='word_1_131' title='bbox 398 1546 427 1594; x_wconf 91' lang='lat' dir='ltr'><strong>et</strong></span> <span class='ocrx_word' id='word_1_132' title='bbox 450 1540 599 1594; x_wconf 76' lang='lat' dir='ltr'><strong>concedens</strong></span> <span class='ocrx_word' id='word_1_133' title='bbox 622 1537 704 1594; x_wconf 91' lang='lat' dir='ltr'><strong>dictis</strong></span> <span class='ocrx_word' id='word_1_134' title='bbox 727 1538 945 1611; x_wconf 70' lang='lat' dir='ltr'><strong>procuratoribus</strong></span> <span class='ocrx_word' id='word_1_135' title='bbox 968 1538 1035 1593; x_wconf 90' lang='lat' dir='ltr'><strong>meis</strong></span> <span class='ocrx_word' id='word_1_136' title='bbox 1060 1538 1228 1610; x_wconf 90' lang='lat' dir='ltr'><strong>conjunctim</strong></span> <span class='ocrx_word' id='word_1_137' title='bbox 1251 1547 1280 1594; x_wconf 90' lang='lat' dir='ltr'><strong>et</strong></span> 
     </span>
     <span class='ocr_line' id='line_1_16' title="bbox 130 1617 1281 1691; baseline 0 -18"><span class='ocrx_word' id='word_1_138' title='bbox 130 1619 236 1673; x_wconf 80' lang='lat' dir='ltr'><strong>divisim</strong></span> <span class='ocrx_word' id='word_1_139' title='bbox 258 1625 290 1673; x_wconf 88' lang='lat' dir='ltr'><strong>ut</strong></span> <span class='ocrx_word' id='word_1_140' title='bbox 312 1619 488 1691; x_wconf 74' lang='lat' dir='ltr'><strong>praemittitur</strong></span> <span class='ocrx_word' id='word_1_141' title='bbox 511 1624 674 1690; x_wconf 86' lang='lat' dir='ltr'><strong>potestatem</strong></span> <span class='ocrx_word' id='word_1_142' title='bbox 697 1618 848 1688; x_wconf 76' lang='lat' dir='ltr'><strong>generalem</strong></span> <span class='ocrx_word' id='word_1_143' title='bbox 866 1634 899 1671; x_wconf 87' lang='lat' dir='ltr'><strong>ec</strong></span> <span class='ocrx_word' id='word_1_144' title='bbox 923 1617 1082 1670; x_wconf 79' lang='lat' dir='ltr'><strong>mendcium</strong></span> <span class='ocrx_word' id='word_1_145' title='bbox 1105 1619 1227 1688; x_wconf 73' lang='lat' dir='ltr'><strong>generale</strong></span> <span class='ocrx_word' id='word_1_146' title='bbox 1251 1628 1281 1673; x_wconf 90' lang='lat' dir='ltr'><strong>et</strong></span> 
     </span>
     <span class='ocr_line' id='line_1_17' title="bbox 129 1696 1278 1770; baseline 0 -17"><span class='ocrx_word' id='word_1_147' title='bbox 129 1698 243 1770; x_wconf 84' lang='lat' dir='ltr'><strong>speciale</strong></span> <span class='ocrx_word' id='word_1_148' title='bbox 266 1716 314 1769; x_wconf 92' lang='lat' dir='ltr'><strong>pro</strong></span> <span class='ocrx_word' id='word_1_149' title='bbox 333 1717 376 1753; x_wconf 91' lang='lat' dir='ltr'><strong>me</strong></span> <span class='ocrx_word' id='word_1_150' title='bbox 400 1705 427 1753; x_wconf 86' lang='lat' dir='ltr'><strong>et</strong></span> <span class='ocrx_word' id='word_1_151' title='bbox 450 1697 560 1752; x_wconf 90' lang='lat' dir='ltr'><strong>nomine</strong></span> <span class='ocrx_word' id='word_1_152' title='bbox 583 1715 643 1752; x_wconf 90' lang='lat' dir='ltr'><strong>meo</strong></span> <span class='ocrx_word' id='word_1_153' title='bbox 667 1714 698 1752; x_wconf 90' lang='lat' dir='ltr'><strong>ac</strong></span> <span class='ocrx_word' id='word_1_154' title='bbox 723 1697 857 1751; x_wconf 86' lang='lat' dir='ltr'><strong>dictorum</strong></span> <span class='ocrx_word' id='word_1_155' title='bbox 880 1696 1052 1751; x_wconf 73' lang='lat' dir='ltr'><strong>canonicatus</strong></span> <span class='ocrx_word' id='word_1_156' title='bbox 1076 1703 1104 1750; x_wconf 87' lang='lat' dir='ltr'><strong>et</strong></span> <span class='ocrx_word' id='word_1_157' title='bbox 1126 1697 1278 1769; x_wconf 82' lang='lat' dir='ltr'><strong>praebendae</strong></span> 
     </span>
     <span class='ocr_line' id='line_1_18' title="bbox 130 1774 1280 1848; baseline -0.001 -16"><span class='ocrx_word' id='word_1_158' title='bbox 130 1795 250 1832; x_wconf 90' lang='lat' dir='ltr'><strong>meorum</strong></span> <span class='ocrx_word' id='word_1_159' title='bbox 262 1777 434 1848; x_wconf 88' lang='lat' dir='ltr'><strong>comparendi</strong></span> <span class='ocrx_word' id='word_1_160' title='bbox 445 1785 474 1832; x_wconf 86' lang='lat' dir='ltr'><strong>et</strong></span> <span class='ocrx_word' id='word_1_161' title='bbox 486 1778 593 1848; x_wconf 84' lang='lat' dir='ltr'><strong>agendi,</strong></span> <span class='ocrx_word' id='word_1_162' title='bbox 606 1794 701 1848; x_wconf 89' lang='lat' dir='ltr'><strong>meque</strong></span> <span class='ocrx_word' id='word_1_163' title='bbox 712 1782 741 1830; x_wconf 87' lang='lat' dir='ltr'><strong>et</strong></span> <span class='ocrx_word' id='word_1_164' title='bbox 753 1794 814 1829; x_wconf 90' lang='lat' dir='ltr'><strong>mea</strong></span> <span class='ocrx_word' id='word_1_165' title='bbox 828 1775 894 1847; x_wconf 88' lang='lat' dir='ltr'><strong>jura</strong></span> <span class='ocrx_word' id='word_1_166' title='bbox 905 1775 932 1828; x_wconf 92' lang='lat' dir='ltr'><strong>in</strong></span> <span class='ocrx_word' id='word_1_167' title='bbox 944 1774 1069 1830; x_wconf 86' lang='lat' dir='ltr'><strong>omnibus</strong></span> <span class='ocrx_word' id='word_1_168' title='bbox 1080 1782 1108 1830; x_wconf 90' lang='lat' dir='ltr'><strong>et</strong></span> <span class='ocrx_word' id='word_1_169' title='bbox 1124 1794 1172 1846; x_wconf 92' lang='lat' dir='ltr'><strong>per</strong></span> <span class='ocrx_word' id='word_1_170' title='bbox 1190 1777 1280 1832; x_wconf 89' lang='lat' dir='ltr'><strong>omnia</strong></span> 
     </span>
     <span class='ocr_line' id='line_1_19' title="bbox 130 1854 1279 1926; baseline -0.001 -15"><span class='ocrx_word' id='word_1_171' title='bbox 130 1857 224 1911; x_wconf 87' lang='lat' dir='ltr'><strong>tuendi</strong></span> <span class='ocrx_word' id='word_1_172' title='bbox 245 1863 274 1910; x_wconf 89' lang='lat' dir='ltr'><strong>et</strong></span> <span class='ocrx_word' id='word_1_173' title='bbox 286 1856 468 1924; x_wconf 79' lang='lat' dir='ltr'><strong>defendendi3</strong></span> <span class='ocrx_word' id='word_1_174' title='bbox 486 1856 608 1910; x_wconf 90' lang='lat' dir='ltr'><strong>libellum</strong></span> <span class='ocrx_word' id='word_1_175' title='bbox 626 1874 672 1910; x_wconf 90' lang='lat' dir='ltr'><strong>seu</strong></span> <span class='ocrx_word' id='word_1_176' title='bbox 690 1854 795 1909; x_wconf 91' lang='lat' dir='ltr'><strong>libellos</strong></span> <span class='ocrx_word' id='word_1_177' title='bbox 812 1854 893 1908; x_wconf 85' lang='lat' dir='ltr'><strong>dandi</strong></span> <span class='ocrx_word' id='word_1_178' title='bbox 910 1861 939 1909; x_wconf 92' lang='lat' dir='ltr'><strong>et</strong></span> <span class='ocrx_word' id='word_1_179' title='bbox 956 1855 1116 1926; x_wconf 88' lang='lat' dir='ltr'><strong>recipiendi;</strong></span> <span class='ocrx_word' id='word_1_180' title='bbox 1134 1854 1211 1910; x_wconf 88' lang='lat' dir='ltr'><strong>litem</strong></span> <span class='ocrx_word' id='word_1_181' title='bbox 1231 1874 1279 1910; x_wconf 92' lang='lat' dir='ltr'><strong>seu</strong></span> 
     </span>
     <span class='ocr_line' id='line_1_20' title="bbox 129 1932 1280 2006; baseline 0.002 -18"><span class='ocrx_word' id='word_1_182' title='bbox 129 1936 191 1990; x_wconf 86' lang='lat' dir='ltr'><strong>lites</strong></span> <span class='ocrx_word' id='word_1_183' title='bbox 201 1936 370 1990; x_wconf 87' lang='lat' dir='ltr'><strong>contestandi</strong></span> <span class='ocrx_word' id='word_1_184' title='bbox 382 1936 416 1989; x_wconf 88' lang='lat' dir='ltr'><strong>de</strong></span> <span class='ocrx_word' id='word_1_185' title='bbox 428 1935 582 2006; x_wconf 74' lang='lat' dir='ltr'><strong>calumpnia</strong></span> <span class='ocrx_word' id='word_1_186' title='bbox 600 1934 711 1990; x_wconf 84' lang='lat' dir='ltr'><strong>vitanda</strong></span> <span class='ocrx_word' id='word_1_187' title='bbox 729 1942 757 1988; x_wconf 90' lang='lat' dir='ltr'><strong>et</strong></span> <span class='ocrx_word' id='word_1_188' title='bbox 774 1932 888 1987; x_wconf 86' lang='lat' dir='ltr'><strong>veritate</strong></span> <span class='ocrx_word' id='word_1_189' title='bbox 906 1932 1026 2001; x_wconf 90' lang='lat' dir='ltr'><strong>dicenda,</strong></span> <span class='ocrx_word' id='word_1_190' title='bbox 1041 1933 1280 2006; x_wconf 86' lang='lat' dir='ltr'><strong>juramentumque</strong></span> 
     </span>
    </p>
   </div>
   <div class='ocr_carea' id='block_1_6' title="bbox 130 2011 1389 2085">
    <p class='ocr_par' dir='ltr' id='par_1_6' title="bbox 130 2011 1389 2085">
     <span class='ocr_line' id='line_1_21' title="bbox 130 2011 1389 2085; baseline 0 -17"><span class='ocrx_word' id='word_1_191' title='bbox 130 2015 306 2085; x_wconf 88' lang='lat' dir='ltr'><strong>quodcunque</strong></span> <span class='ocrx_word' id='word_1_192' title='bbox 324 2014 430 2068; x_wconf 90' lang='lat' dir='ltr'><strong>licitum</strong></span> <span class='ocrx_word' id='word_1_193' title='bbox 447 2020 476 2068; x_wconf 91' lang='lat' dir='ltr'><strong>et</strong></span> <span class='ocrx_word' id='word_1_194' title='bbox 494 2015 635 2068; x_wconf 88' lang='lat' dir='ltr'><strong>honestum</strong></span> <span class='ocrx_word' id='word_1_195' title='bbox 653 2013 683 2067; x_wconf 91' lang='lat' dir='ltr'><strong>in</strong></span> <span class='ocrx_word' id='word_1_196' title='bbox 701 2011 819 2067; x_wconf 87' lang='lat' dir='ltr'><strong>animam</strong></span> <span class='ocrx_word' id='word_1_197' title='bbox 836 2029 923 2066; x_wconf 89' lang='lat' dir='ltr'><strong>meam</strong></span> <span class='ocrx_word' id='word_1_198' title='bbox 941 2011 1096 2081; x_wconf 76' lang='lat' dir='ltr'><strong>prestandi,</strong></span> <span class='ocrx_word' id='word_1_199' title='bbox 1113 2014 1238 2083; x_wconf 91' lang='lat' dir='ltr'><strong>ponendi,</strong></span> <span class='ocrx_word' id='word_1_200' title='bbox 1251 2021 1280 2068; x_wconf 93' lang='lat' dir='ltr'><strong>et</strong></span> <span class='ocrx_word' id='word_1_201' title='bbox 1384 2024 1389 2036; x_wconf 91' lang='lat'>&#39;</span> 
     </span>
    </p>
   </div>
   <div class='ocr_carea' id='block_1_7' title="bbox 131 2090 1284 4529">
    <p class='ocr_par' dir='ltr' id='par_1_7' title="bbox 131 2090 1284 4529">
     <span class='ocr_line' id='line_1_22' title="bbox 131 2090 1281 2164; baseline 0 -17"><span class='ocrx_word' id='word_1_202' title='bbox 131 2093 315 2159; x_wconf 79' lang='lat' dir='ltr'><strong>articulaudi3</strong></span> <span class='ocrx_word' id='word_1_203' title='bbox 345 2093 572 2164; x_wconf 89' lang='lat' dir='ltr'><strong>proposicionibus</strong></span> <span class='ocrx_word' id='word_1_204' title='bbox 601 2101 631 2147; x_wconf 90' lang='lat' dir='ltr'><strong>et</strong></span> <span class='ocrx_word' id='word_1_205' title='bbox 659 2091 780 2147; x_wconf 84' lang='lat' dir='ltr'><strong>articulis</strong></span> <span class='ocrx_word' id='word_1_206' title='bbox 810 2090 896 2161; x_wconf 88' lang='lat' dir='ltr'><strong>partis</strong></span> <span class='ocrx_word' id='word_1_207' title='bbox 920 2091 1039 2145; x_wconf 82' lang='lat' dir='ltr'><strong>sdversae</strong></span> <span class='ocrx_word' id='word_1_208' title='bbox 1072 2092 1229 2147; x_wconf 88' lang='lat' dir='ltr'><strong>ostendendi</strong></span> <span class='ocrx_word' id='word_1_209' title='bbox 1252 2102 1281 2147; x_wconf 92' lang='lat' dir='ltr'><strong>et</strong></span> 
     </span>
     <span class='ocr_line' id='line_1_23' title="bbox 131 2170 1280 2245; baseline -0.001 -18"><span class='ocrx_word' id='word_1_210' title='bbox 131 2171 300 2243; x_wconf 86' lang='lat' dir='ltr'><strong>excipiendi;</strong></span> <span class='ocrx_word' id='word_1_211' title='bbox 326 2179 417 2240; x_wconf 89' lang='lat' dir='ltr'><strong>testes,</strong></span> <span class='ocrx_word' id='word_1_212' title='bbox 439 2172 541 2239; x_wconf 79' lang='lat' dir='ltr'><strong>literae,</strong></span> <span class='ocrx_word' id='word_1_213' title='bbox 564 2180 593 2226; x_wconf 89' lang='lat' dir='ltr'><strong>et</strong></span> <span class='ocrx_word' id='word_1_214' title='bbox 614 2172 806 2237; x_wconf 88' lang='lat' dir='ltr'><strong>instrumenta,</strong></span> <span class='ocrx_word' id='word_1_215' title='bbox 829 2187 861 2224; x_wconf 90' lang='lat' dir='ltr'><strong>ac</strong></span> <span class='ocrx_word' id='word_1_216' title='bbox 881 2187 1056 2240; x_wconf 87' lang='lat' dir='ltr'><strong>quaecumque</strong></span> <span class='ocrx_word' id='word_1_217' title='bbox 1079 2170 1195 2224; x_wconf 85' lang='lat' dir='ltr'><strong>oliorum</strong></span> <span class='ocrx_word' id='word_1_218' title='bbox 1218 2190 1280 2245; x_wconf 91' lang='lat' dir='ltr'><strong>pro-</strong></span> 
     </span>
     <span class='ocr_line' id='line_1_24' title="bbox 131 2249 1281 2322; baseline 0 -17"><span class='ocrx_word' id='word_1_219' title='bbox 131 2251 273 2305; x_wconf 86' lang='lat' dir='ltr'><strong>bacionum</strong></span> <span class='ocrx_word' id='word_1_220' title='bbox 297 2269 394 2321; x_wconf 81' lang='lat' dir='ltr'><strong>genera</strong></span> <span class='ocrx_word' id='word_1_221' title='bbox 418 2249 583 2322; x_wconf 89' lang='lat' dir='ltr'><strong>producendi</strong></span> <span class='ocrx_word' id='word_1_222' title='bbox 605 2257 634 2305; x_wconf 89' lang='lat' dir='ltr'><strong>et</strong></span> <span class='ocrx_word' id='word_1_223' title='bbox 654 2249 808 2315; x_wconf 84' lang='lat' dir='ltr'><strong>exhibendi,</strong></span> <span class='ocrx_word' id='word_1_224' title='bbox 832 2249 1018 2320; x_wconf 87' lang='lat' dir='ltr'><strong>productisque</strong></span> <span class='ocrx_word' id='word_1_225' title='bbox 1041 2255 1070 2303; x_wconf 91' lang='lat' dir='ltr'><strong>et</strong></span> <span class='ocrx_word' id='word_1_226' title='bbox 1088 2249 1216 2304; x_wconf 81' lang='lat' dir='ltr'><strong>exhibitis</strong></span> <span class='ocrx_word' id='word_1_227' title='bbox 1234 2269 1281 2322; x_wconf 91' lang='lat' dir='ltr'><strong>per</strong></span> 
     </span>
     <span class='ocr_line' id='line_1_25' title="bbox 131 2328 1280 2401; baseline 0.003 -19"><span class='ocrx_word' id='word_1_228' title='bbox 131 2347 327 2401; x_wconf 88' lang='lat' dir='ltr'><strong>quamcumque</strong></span> <span class='ocrx_word' id='word_1_229' title='bbox 339 2337 443 2401; x_wconf 87' lang='lat' dir='ltr'><strong>partem</strong></span> <span class='ocrx_word' id='word_1_230' title='bbox 455 2331 594 2384; x_wconf 82' lang='lat' dir='ltr'><strong>aduersam</strong></span> <span class='ocrx_word' id='word_1_231' title='bbox 612 2328 814 2383; x_wconf 87' lang='lat' dir='ltr'><strong>contradicendi</strong></span> <span class='ocrx_word' id='word_1_232' title='bbox 825 2334 854 2381; x_wconf 93' lang='lat' dir='ltr'><strong>et</strong></span> <span class='ocrx_word' id='word_1_233' title='bbox 866 2346 898 2381; x_wconf 86' lang='lat' dir='ltr'><strong>ea</strong></span> <span class='ocrx_word' id='word_1_234' title='bbox 915 2328 1094 2398; x_wconf 80' lang='lat' dir='ltr'><strong>redarguendi</strong></span> <span class='ocrx_word' id='word_1_235' title='bbox 1104 2349 1111 2394; x_wconf 88' lang='lat'><strong>;</strong></span> <span class='ocrx_word' id='word_1_236' title='bbox 1128 2328 1240 2383; x_wconf 87' lang='lat' dir='ltr'><strong>crimina</strong></span> <span class='ocrx_word' id='word_1_237' title='bbox 1251 2338 1280 2385; x_wconf 89' lang='lat' dir='ltr'><strong>et</strong></span> 
     </span>
     <span class='ocr_line' id='line_1_26' title="bbox 133 2407 1280 2480; baseline 0.001 -16"><span class='ocrx_word' id='word_1_238' title='bbox 133 2409 253 2464; x_wconf 83' lang='lat' dir='ltr'><strong>defectus</strong></span> <span class='ocrx_word' id='word_1_239' title='bbox 273 2408 415 2477; x_wconf 92' lang='lat' dir='ltr'><strong>obiciendi,</strong></span> <span class='ocrx_word' id='word_1_240' title='bbox 434 2415 464 2463; x_wconf 89' lang='lat' dir='ltr'><strong>et</strong></span> <span class='ocrx_word' id='word_1_241' title='bbox 483 2407 597 2480; x_wconf 89' lang='lat' dir='ltr'><strong>objectis</strong></span> <span class='ocrx_word' id='word_1_242' title='bbox 617 2407 804 2479; x_wconf 88' lang='lat' dir='ltr'><strong>respondendi,</strong></span> <span class='ocrx_word' id='word_1_243' title='bbox 822 2412 960 2478; x_wconf 83' lang='lat' dir='ltr'><strong>statusque</strong></span> <span class='ocrx_word' id='word_1_244' title='bbox 978 2407 1032 2461; x_wconf 93' lang='lat' dir='ltr'><strong>mei</strong></span> <span class='ocrx_word' id='word_1_245' title='bbox 1050 2407 1280 2478; x_wconf 85' lang='lat' dir='ltr'><strong>reformacionem,</strong></span> 
     </span>
     <span class='ocr_line' id='line_1_27' title="bbox 131 2486 1279 2560; baseline 0.003 -19"><span class='ocrx_word' id='word_1_246' title='bbox 131 2506 235 2543; x_wconf 88' lang='lat' dir='ltr'><strong>necnon</strong></span> <span class='ocrx_word' id='word_1_247' title='bbox 252 2487 281 2542; x_wconf 90' lang='lat' dir='ltr'><strong>in</strong></span> <span class='ocrx_word' id='word_1_248' title='bbox 298 2488 434 2558; x_wconf 77' lang='lat' dir='ltr'><strong>integrum</strong></span> <span class='ocrx_word' id='word_1_249' title='bbox 452 2486 654 2542; x_wconf 88' lang='lat' dir='ltr'><strong>restitucionem</strong></span> <span class='ocrx_word' id='word_1_250' title='bbox 671 2487 856 2557; x_wconf 89' lang='lat' dir='ltr'><strong>dampnorum,</strong></span> <span class='ocrx_word' id='word_1_251' title='bbox 875 2487 1083 2542; x_wconf 77' lang='lat' dir='ltr'><strong>testimacionem</strong></span> <span class='ocrx_word' id='word_1_252' title='bbox 1102 2505 1279 2560; x_wconf 86' lang='lat' dir='ltr'><strong>expensarum</strong></span> 
     </span>
     <span class='ocr_line' id='line_1_28' title="bbox 132 2565 1280 2640; baseline 0.003 -19"><span class='ocrx_word' id='word_1_253' title='bbox 132 2577 160 2621; x_wconf 87' lang='lat' dir='ltr'><strong>et</strong></span> <span class='ocrx_word' id='word_1_254' title='bbox 171 2567 305 2634; x_wconf 86' lang='lat' dir='ltr'><strong>interesse,</strong></span> <span class='ocrx_word' id='word_1_255' title='bbox 317 2572 346 2621; x_wconf 89' lang='lat' dir='ltr'><strong>et</strong></span> <span class='ocrx_word' id='word_1_256' title='bbox 358 2567 392 2621; x_wconf 89' lang='lat' dir='ltr'><strong>ad</strong></span> <span class='ocrx_word' id='word_1_257' title='bbox 410 2566 570 2621; x_wconf 86' lang='lat' dir='ltr'><strong>beneficium</strong></span> <span class='ocrx_word' id='word_1_258' title='bbox 588 2565 767 2620; x_wconf 87' lang='lat' dir='ltr'><strong>absolucionie</strong></span> <span class='ocrx_word' id='word_1_259' title='bbox 784 2584 831 2620; x_wconf 90' lang='lat' dir='ltr'><strong>seu</strong></span> <span class='ocrx_word' id='word_1_260' title='bbox 848 2565 1051 2620; x_wconf 86' lang='lat' dir='ltr'><strong>relaxacionisa</strong></span> <span class='ocrx_word' id='word_1_261' title='bbox 1069 2566 1280 2640; x_wconf 90' lang='lat' dir='ltr'><strong>quibuscumque</strong></span> 
     </span>
     <span class='ocr_line' id='line_1_29' title="bbox 132 2644 1281 2716; baseline 0.003 -17"><span class='ocrx_word' id='word_1_262' title='bbox 132 2645 346 2716; x_wconf 90' lang='lat' dir='ltr'><strong>suspencionum,</strong></span> <span class='ocrx_word' id='word_1_263' title='bbox 374 2645 692 2713; x_wconf 86' lang='lat' dir='ltr'><strong>excommunicacionum,</strong></span> <span class='ocrx_word' id='word_1_264' title='bbox 715 2644 960 2716; x_wconf 86' lang='lat' dir='ltr'><strong>sequestracionnm</strong></span> <span class='ocrx_word' id='word_1_265' title='bbox 983 2663 1031 2700; x_wconf 89' lang='lat' dir='ltr'><strong>seu</strong></span> <span class='ocrx_word' id='word_1_266' title='bbox 1060 2645 1197 2701; x_wconf 84' lang='lat' dir='ltr'><strong>interdicti</strong></span> <span class='ocrx_word' id='word_1_267' title='bbox 1220 2665 1281 2702; x_wconf 87' lang='lat' dir='ltr'><strong>een·</strong></span> 
     </span>
     <span class='ocr_line' id='line_1_30' title="bbox 132 2723 1281 2797; baseline 0.003 -19"><span class='ocrx_word' id='word_1_268' title='bbox 132 2724 225 2778; x_wconf 83' lang='lat' dir='ltr'><strong>tenciis</strong></span> <span class='ocrx_word' id='word_1_269' title='bbox 236 2725 266 2778; x_wconf 90' lang='lat' dir='ltr'><strong>in</strong></span> <span class='ocrx_word' id='word_1_270' title='bbox 278 2742 381 2779; x_wconf 87' lang='lat' dir='ltr'><strong>mesen</strong></span> <span class='ocrx_word' id='word_1_271' title='bbox 392 2724 579 2779; x_wconf 87' lang='lat' dir='ltr'><strong>canonicatum</strong></span> <span class='ocrx_word' id='word_1_272' title='bbox 591 2733 620 2779; x_wconf 87' lang='lat' dir='ltr'><strong>et</strong></span> <span class='ocrx_word' id='word_1_273' title='bbox 632 2723 805 2796; x_wconf 77' lang='lat' dir='ltr'><strong>prsebendam</strong></span> <span class='ocrx_word' id='word_1_274' title='bbox 823 2741 897 2778; x_wconf 87' lang='lat' dir='ltr'><strong>meos</strong></span> <span class='ocrx_word' id='word_1_275' title='bbox 914 2725 1057 2793; x_wconf 68' lang='lat' dir='ltr'><strong>predictos</strong></span> <span class='ocrx_word' id='word_1_276' title='bbox 1074 2742 1091 2778; x_wconf 92' lang='lat' dir='ltr'><strong>a</strong></span> <span class='ocrx_word' id='word_1_277' title='bbox 1105 2725 1168 2797; x_wconf 85' lang='lat' dir='ltr'><strong>jure</strong></span> <span class='ocrx_word' id='word_1_278' title='bbox 1185 2727 1229 2781; x_wconf 86' lang='lat' dir='ltr'><strong>vel</strong></span> <span class='ocrx_word' id='word_1_279' title='bbox 1246 2727 1281 2781; x_wconf 87' lang='lat' dir='ltr'><strong>ab</strong></span> 
     </span>
     <span class='ocr_line' id='line_1_31' title="bbox 132 2802 1281 2876; baseline 0.003 -19"><span class='ocrx_word' id='word_1_280' title='bbox 132 2803 239 2857; x_wconf 90' lang='lat' dir='ltr'><strong>bomine</strong></span> <span class='ocrx_word' id='word_1_281' title='bbox 258 2803 321 2858; x_wconf 89' lang='lat' dir='ltr'><strong>latis</strong></span> <span class='ocrx_word' id='word_1_282' title='bbox 343 2804 387 2857; x_wconf 83' lang='lat' dir='ltr'><strong>vel</strong></span> <span class='ocrx_word' id='word_1_283' title='bbox 414 2803 531 2858; x_wconf 85' lang='lat' dir='ltr'><strong>ferendis</strong></span> <span class='ocrx_word' id='word_1_284' title='bbox 551 2802 659 2857; x_wconf 90' lang='lat' dir='ltr'><strong>nomine</strong></span> <span class='ocrx_word' id='word_1_285' title='bbox 677 2820 738 2857; x_wconf 88' lang='lat' dir='ltr'><strong>meo</strong></span> <span class='ocrx_word' id='word_1_286' title='bbox 758 2802 877 2874; x_wconf 89' lang='lat' dir='ltr'><strong>petendi,</strong></span> <span class='ocrx_word' id='word_1_287' title='bbox 901 2802 1055 2874; x_wconf 89' lang='lat' dir='ltr'><strong>recipiendi,</strong></span> <span class='ocrx_word' id='word_1_288' title='bbox 1078 2811 1106 2858; x_wconf 92' lang='lat' dir='ltr'><strong>et</strong></span> <span class='ocrx_word' id='word_1_289' title='bbox 1127 2805 1281 2876; x_wconf 90' lang='lat' dir='ltr'><strong>optinendi;</strong></span> 
     </span>
     <span class='ocr_line' id='line_1_32' title="bbox 133 2880 1282 2953; baseline 0.003 -17"><span class='ocrx_word' id='word_1_290' title='bbox 133 2883 294 2937; x_wconf 87' lang='lat' dir='ltr'><strong>sentenciam</strong></span> <span class='ocrx_word' id='word_1_291' title='bbox 307 2901 355 2936; x_wconf 90' lang='lat' dir='ltr'><strong>seu</strong></span> <span class='ocrx_word' id='word_1_292' title='bbox 367 2881 516 2936; x_wconf 84' lang='lat' dir='ltr'><strong>sentencias</strong></span> <span class='ocrx_word' id='word_1_293' title='bbox 528 2899 707 2953; x_wconf 87' lang='lat' dir='ltr'><strong>quascumque</strong></span> <span class='ocrx_word' id='word_1_294' title='bbox 721 2881 786 2935; x_wconf 84' lang='lat' dir='ltr'><strong>ferri</strong></span> <span class='ocrx_word' id='word_1_295' title='bbox 798 2880 914 2952; x_wconf 87' lang='lat' dir='ltr'><strong>petendi,</strong></span> <span class='ocrx_word' id='word_1_296' title='bbox 932 2881 1080 2952; x_wconf 89' lang='lat' dir='ltr'><strong>optinendi,</strong></span> <span class='ocrx_word' id='word_1_297' title='bbox 1099 2891 1127 2937; x_wconf 87' lang='lat' dir='ltr'><strong>et</strong></span> <span class='ocrx_word' id='word_1_298' title='bbox 1146 2885 1282 2953; x_wconf 87' lang='lat' dir='ltr'><strong>audiendi,</strong></span> 
     </span>
     <span class='ocr_line' id='line_1_33' title="bbox 133 2959 1281 3036; baseline 0.004 -23"><span class='ocrx_word' id='word_1_299' title='bbox 133 2962 303 3031; x_wconf 81' lang='lat' dir='ltr'><strong>provocandi.</strong></span> <span class='ocrx_word' id='word_1_300' title='bbox 316 2968 345 3015; x_wconf 86' lang='lat' dir='ltr'><strong>et</strong></span> <span class='ocrx_word' id='word_1_301' title='bbox 363 2961 524 3032; x_wconf 82' lang='lat' dir='ltr'><strong>appellandi,</strong></span> <span class='ocrx_word' id='word_1_302' title='bbox 537 2959 812 3031; x_wconf 87' lang='lat' dir='ltr'><strong>provocacionumqne</strong></span> <span class='ocrx_word' id='word_1_303' title='bbox 832 2968 860 3012; x_wconf 88' lang='lat' dir='ltr'><strong>et</strong></span> <span class='ocrx_word' id='word_1_304' title='bbox 880 2960 1093 3030; x_wconf 87' lang='lat' dir='ltr'><strong>appellacionum</strong></span> <span class='ocrx_word' id='word_1_305' title='bbox 1109 2979 1204 3017; x_wconf 86' lang='lat' dir='ltr'><strong>causes</strong></span> <span class='ocrx_word' id='word_1_306' title='bbox 1220 2981 1281 3036; x_wconf 87' lang='lat' dir='ltr'><strong>pro·</strong></span> 
     </span>
     <span class='ocr_line' id='line_1_34' title="bbox 134 3037 1281 3110; baseline 0.004 -18"><span class='ocrx_word' id='word_1_307' title='bbox 134 3040 262 3109; x_wconf 88' lang='lat' dir='ltr'><strong>sequendi</strong></span> <span class='ocrx_word' id='word_1_308' title='bbox 282 3039 439 3095; x_wconf 88' lang='lat' dir='ltr'><strong>notificandi</strong></span> <span class='ocrx_word' id='word_1_309' title='bbox 458 3046 486 3095; x_wconf 90' lang='lat' dir='ltr'><strong>et</strong></span> <span class='ocrx_word' id='word_1_310' title='bbox 507 3038 658 3106; x_wconf 91' lang='lat' dir='ltr'><strong>intimandi,</strong></span> <span class='ocrx_word' id='word_1_311' title='bbox 671 3047 800 3110; x_wconf 82' lang='lat' dir='ltr'><strong>aptusque</strong></span> <span class='ocrx_word' id='word_1_312' title='bbox 820 3037 911 3092; x_wconf 90' lang='lat' dir='ltr'><strong>debite</strong></span> <span class='ocrx_word' id='word_1_313' title='bbox 932 3056 992 3091; x_wconf 90' lang='lat' dir='ltr'><strong>cum</strong></span> <span class='ocrx_word' id='word_1_314' title='bbox 1010 3038 1143 3094; x_wconf 84' lang='lat' dir='ltr'><strong>instancia</strong></span> <span class='ocrx_word' id='word_1_315' title='bbox 1163 3043 1281 3110; x_wconf 89' lang='lat' dir='ltr'><strong>petendi,</strong></span> 
     </span>
     <span class='ocr_line' id='line_1_35' title="bbox 134 3115 1282 3190; baseline 0.003 -20"><span class='ocrx_word' id='word_1_316' title='bbox 134 3117 281 3189; x_wconf 90' lang='lat' dir='ltr'><strong>optinendi,</strong></span> <span class='ocrx_word' id='word_1_317' title='bbox 293 3125 322 3173; x_wconf 91' lang='lat' dir='ltr'><strong>et</strong></span> <span class='ocrx_word' id='word_1_318' title='bbox 333 3119 490 3190; x_wconf 89' lang='lat' dir='ltr'><strong>recipiendi;</strong></span> <span class='ocrx_word' id='word_1_319' title='bbox 503 3119 536 3172; x_wconf 92' lang='lat' dir='ltr'><strong>In</strong></span> <span class='ocrx_word' id='word_1_320' title='bbox 546 3117 664 3189; x_wconf 79' lang='lat' dir='ltr'><strong>synodis,</strong></span> <span class='ocrx_word' id='word_1_321' title='bbox 670 3115 804 3188; x_wconf 88' lang='lat' dir='ltr'><strong>capitulis,</strong></span> <span class='ocrx_word' id='word_1_322' title='bbox 815 3116 1073 3186; x_wconf 77' lang='lat' dir='ltr'><strong>congregacionibns,</strong></span> <span class='ocrx_word' id='word_1_323' title='bbox 1082 3121 1282 3174; x_wconf 76' lang='lat' dir='ltr'><strong>convomcioui-</strong></span> 
     </span>
     <span class='ocr_line' id='line_1_36' title="bbox 134 3194 1281 3268; baseline 0.003 -20"><span class='ocrx_word' id='word_1_324' title='bbox 134 3194 193 3261; x_wconf 90' lang='lat' dir='ltr'><strong>bue,</strong></span> <span class='ocrx_word' id='word_1_325' title='bbox 204 3196 414 3265; x_wconf 79' lang='lat' dir='ltr'><strong>visitacionibne,</strong></span> <span class='ocrx_word' id='word_1_326' title='bbox 426 3203 483 3252; x_wconf 87' lang='lat' dir='ltr'><strong>tum</strong></span> <span class='ocrx_word' id='word_1_327' title='bbox 494 3195 699 3266; x_wconf 90' lang='lat' dir='ltr'><strong>metropoliticis</strong></span> <span class='ocrx_word' id='word_1_328' title='bbox 710 3212 791 3267; x_wconf 90' lang='lat' dir='ltr'><strong>quam</strong></span> <span class='ocrx_word' id='word_1_329' title='bbox 809 3194 958 3262; x_wconf 75' lang='lat' dir='ltr'><strong>ordinariis,</strong></span> <span class='ocrx_word' id='word_1_330' title='bbox 976 3195 1083 3249; x_wconf 91' lang='lat' dir='ltr'><strong>nomine</strong></span> <span class='ocrx_word' id='word_1_331' title='bbox 1103 3213 1172 3265; x_wconf 90' lang='lat' dir='ltr'><strong>meo,</strong></span> <span class='ocrx_word' id='word_1_332' title='bbox 1183 3197 1281 3268; x_wconf 89' lang='lat' dir='ltr'><strong>quibus</strong></span> 
     </span>
     <span class='ocr_line' id='line_1_37' title="bbox 134 3273 1282 3348; baseline 0.001 -20"><span class='ocrx_word' id='word_1_333' title='bbox 134 3275 241 3329; x_wconf 88' lang='lat' dir='ltr'><strong>racione</strong></span> <span class='ocrx_word' id='word_1_334' title='bbox 253 3275 386 3330; x_wconf 86' lang='lat' dir='ltr'><strong>dictorum</strong></span> <span class='ocrx_word' id='word_1_335' title='bbox 397 3277 572 3330; x_wconf 86' lang='lat' dir='ltr'><strong>canonicatus</strong></span> <span class='ocrx_word' id='word_1_336' title='bbox 583 3282 611 3330; x_wconf 91' lang='lat' dir='ltr'><strong>et</strong></span> <span class='ocrx_word' id='word_1_337' title='bbox 628 3273 782 3348; x_wconf 72' lang='lat' dir='ltr'><strong>praebendae</strong></span> <span class='ocrx_word' id='word_1_338' title='bbox 801 3289 922 3326; x_wconf 90' lang='lat' dir='ltr'><strong>meorum</strong></span> <span class='ocrx_word' id='word_1_339' title='bbox 943 3289 1095 3342; x_wconf 85' lang='lat' dir='ltr'><strong>comparere</strong></span> <span class='ocrx_word' id='word_1_340' title='bbox 1114 3281 1196 3341; x_wconf 83' lang='lat' dir='ltr'><strong>artor,</strong></span> <span class='ocrx_word' id='word_1_341' title='bbox 1208 3293 1282 3330; x_wconf 90' lang='lat' dir='ltr'><strong>com·</strong></span> 
     </span>
     <span class='ocr_line' id='line_1_38' title="bbox 134 3349 1282 3423; baseline 0.003 -17"><span class='ocrx_word' id='word_1_342' title='bbox 134 3353 296 3423; x_wconf 69' lang='lat' dir='ltr'><strong>perendino</strong></span> <span class='ocrx_word' id='word_1_343' title='bbox 308 3353 376 3408; x_wconf 93' lang='lat' dir='ltr'><strong>inibi</strong></span> <span class='ocrx_word' id='word_1_344' title='bbox 395 3353 533 3408; x_wconf 87' lang='lat' dir='ltr'><strong>statuendi</strong></span> <span class='ocrx_word' id='word_1_345' title='bbox 551 3360 581 3408; x_wconf 92' lang='lat' dir='ltr'><strong>et</strong></span> <span class='ocrx_word' id='word_1_346' title='bbox 598 3352 749 3419; x_wconf 91' lang='lat' dir='ltr'><strong>ordinandi,</strong></span> <span class='ocrx_word' id='word_1_347' title='bbox 760 3349 956 3418; x_wconf 86' lang='lat' dir='ltr'><strong>consenciendi,</strong></span> <span class='ocrx_word' id='word_1_348' title='bbox 966 3357 1002 3419; x_wconf 94' lang='lat' dir='ltr'><strong>et,</strong></span> <span class='ocrx_word' id='word_1_349' title='bbox 1015 3352 1037 3405; x_wconf 91' lang='lat' dir='ltr'><strong>si</strong></span> <span class='ocrx_word' id='word_1_350' title='bbox 1049 3370 1116 3423; x_wconf 92' lang='lat' dir='ltr'><strong>opus</strong></span> <span class='ocrx_word' id='word_1_351' title='bbox 1127 3354 1216 3421; x_wconf 83' lang='lat' dir='ltr'><strong>suerit,</strong></span> <span class='ocrx_word' id='word_1_352' title='bbox 1228 3355 1282 3409; x_wconf 86' lang='lat' dir='ltr'><strong>dis·</strong></span> 
     </span>
     <span class='ocr_line' id='line_1_39' title="bbox 134 3429 1282 3504; baseline 0.002 -19"><span class='ocrx_word' id='word_1_353' title='bbox 134 3432 285 3501; x_wconf 83' lang='lat' dir='ltr'><strong>oeneiendi3</strong></span> <span class='ocrx_word' id='word_1_354' title='bbox 303 3431 581 3504; x_wconf 88' lang='lat' dir='ltr'><strong>convocacionumque</strong></span> <span class='ocrx_word' id='word_1_355' title='bbox 596 3440 625 3486; x_wconf 91' lang='lat' dir='ltr'><strong>et</strong></span> <span class='ocrx_word' id='word_1_356' title='bbox 641 3430 827 3487; x_wconf 82' lang='lat' dir='ltr'><strong>visitaciouum</strong></span> <span class='ocrx_word' id='word_1_357' title='bbox 844 3429 1000 3502; x_wconf 86' lang='lat' dir='ltr'><strong>hujusmodi</strong></span> <span class='ocrx_word' id='word_1_358' title='bbox 1019 3431 1108 3486; x_wconf 89' lang='lat' dir='ltr'><strong>debite</strong></span> <span class='ocrx_word' id='word_1_359' title='bbox 1121 3434 1282 3503; x_wconf 77' lang='lat' dir='ltr'><strong>agnoscendi</strong></span> 
     </span>
     <span class='ocr_line' id='line_1_40' title="bbox 134 3508 1281 3583; baseline 0.001 -20"><span class='ocrx_word' id='word_1_360' title='bbox 134 3517 162 3563; x_wconf 89' lang='lat' dir='ltr'><strong>et</strong></span> <span class='ocrx_word' id='word_1_361' title='bbox 181 3510 321 3580; x_wconf 86' lang='lat' dir='ltr'><strong>subeundi,</strong></span> <span class='ocrx_word' id='word_1_362' title='bbox 344 3529 376 3566; x_wconf 90' lang='lat' dir='ltr'><strong>ac</strong></span> <span class='ocrx_word' id='word_1_363' title='bbox 400 3529 491 3566; x_wconf 91' lang='lat' dir='ltr'><strong>meum</strong></span> <span class='ocrx_word' id='word_1_364' title='bbox 514 3512 701 3582; x_wconf 90' lang='lat' dir='ltr'><strong>quodcumque</strong></span> <span class='ocrx_word' id='word_1_365' title='bbox 724 3508 846 3564; x_wconf 89' lang='lat' dir='ltr'><strong>debitum</strong></span> <span class='ocrx_word' id='word_1_366' title='bbox 872 3509 900 3563; x_wconf 93' lang='lat' dir='ltr'><strong>in</strong></span> <span class='ocrx_word' id='word_1_367' title='bbox 920 3508 1065 3581; x_wconf 72' lang='lat' dir='ltr'><strong>premissis</strong></span> <span class='ocrx_word' id='word_1_368' title='bbox 1087 3510 1281 3583; x_wconf 88' lang='lat' dir='ltr'><strong>perimplendi;</strong></span> 
     </span>
     <span class='ocr_line' id='line_1_41' title="bbox 135 3588 1281 3660; baseline 0.003 -19"><span class='ocrx_word' id='word_1_369' title='bbox 135 3606 229 3660; x_wconf 85' lang='lat' dir='ltr'><strong>meque</strong></span> <span class='ocrx_word' id='word_1_370' title='bbox 246 3608 262 3644; x_wconf 86' lang='lat' dir='ltr'><strong>s</strong></span> <span class='ocrx_word' id='word_1_371' title='bbox 282 3590 416 3660; x_wconf 87' lang='lat' dir='ltr'><strong>personali</strong></span> <span class='ocrx_word' id='word_1_372' title='bbox 435 3589 628 3660; x_wconf 87' lang='lat' dir='ltr'><strong>compericione</strong></span> <span class='ocrx_word' id='word_1_373' title='bbox 647 3588 675 3642; x_wconf 93' lang='lat' dir='ltr'><strong>in</strong></span> <span class='ocrx_word' id='word_1_374' title='bbox 694 3588 795 3642; x_wconf 82' lang='lat' dir='ltr'><strong>ebdom</strong></span> <span class='ocrx_word' id='word_1_375' title='bbox 815 3588 969 3650; x_wconf 87' lang='lat' dir='ltr'><strong>excusandi,</strong></span> <span class='ocrx_word' id='word_1_376' title='bbox 983 3606 1014 3642; x_wconf 90' lang='lat' dir='ltr'><strong>ac</strong></span> <span class='ocrx_word' id='word_1_377' title='bbox 1033 3606 1128 3644; x_wconf 87' lang='lat' dir='ltr'><strong>causas</strong></span> <span class='ocrx_word' id='word_1_378' title='bbox 1150 3588 1281 3644; x_wconf 81' lang='lat' dir='ltr'><strong>absenciae</strong></span> 
     </span>
     <span class='ocr_line' id='line_1_42' title="bbox 135 3666 1284 3740; baseline 0.002 -19"><span class='ocrx_word' id='word_1_379' title='bbox 135 3669 310 3740; x_wconf 88' lang='lat' dir='ltr'><strong>proponendi,</strong></span> <span class='ocrx_word' id='word_1_380' title='bbox 322 3668 466 3739; x_wconf 75' lang='lat' dir='ltr'><strong>allegandi,</strong></span> <span class='ocrx_word' id='word_1_381' title='bbox 478 3675 507 3722; x_wconf 90' lang='lat' dir='ltr'><strong>et</strong></span> <span class='ocrx_word' id='word_1_382' title='bbox 524 3669 547 3722; x_wconf 91' lang='lat' dir='ltr'><strong>si</strong></span> <span class='ocrx_word' id='word_1_383' title='bbox 565 3685 670 3722; x_wconf 87' lang='lat' dir='ltr'><strong>necesse</strong></span> <span class='ocrx_word' id='word_1_384' title='bbox 688 3668 772 3722; x_wconf 85' lang='lat' dir='ltr'><strong>fuerit</strong></span> <span class='ocrx_word' id='word_1_385' title='bbox 789 3666 936 3738; x_wconf 70' lang='lat' dir='ltr'><strong>probandi,</strong></span> <span class='ocrx_word' id='word_1_386' title='bbox 954 3685 1058 3722; x_wconf 89' lang='lat' dir='ltr'><strong>necnon</strong></span> <span class='ocrx_word' id='word_1_387' title='bbox 1076 3668 1166 3723; x_wconf 88' lang='lat' dir='ltr'><strong>omnia</strong></span> <span class='ocrx_word' id='word_1_388' title='bbox 1184 3668 1237 3723; x_wconf 86' lang='lat' dir='ltr'><strong>elis</strong></span> <span class='ocrx_word' id='word_1_389' title='bbox 1255 3676 1284 3723; x_wconf 90' lang='lat' dir='ltr'><strong>et</strong></span> 
     </span>
     <span class='ocr_line' id='line_1_43' title="bbox 134 3746 1281 3819; baseline 0.004 -21"><span class='ocrx_word' id='word_1_390' title='bbox 134 3747 241 3814; x_wconf 69' lang='lat' dir='ltr'><strong>singula</strong></span> <span class='ocrx_word' id='word_1_391' title='bbox 254 3746 375 3813; x_wconf 69' lang='lat' dir='ltr'><strong>sedendi,</strong></span> <span class='ocrx_word' id='word_1_392' title='bbox 389 3748 504 3814; x_wconf 89' lang='lat' dir='ltr'><strong>dicendi,</strong></span> <span class='ocrx_word' id='word_1_393' title='bbox 515 3746 634 3818; x_wconf 73' lang='lat' dir='ltr'><strong>gerendi,</strong></span> <span class='ocrx_word' id='word_1_394' title='bbox 651 3746 803 3814; x_wconf 88' lang='lat' dir='ltr'><strong>exercendi,</strong></span> <span class='ocrx_word' id='word_1_395' title='bbox 815 3746 983 3816; x_wconf 89' lang='lat' dir='ltr'><strong>procurandi,</strong></span> <span class='ocrx_word' id='word_1_396' title='bbox 995 3752 1023 3800; x_wconf 90' lang='lat' dir='ltr'><strong>et</strong></span> <span class='ocrx_word' id='word_1_397' title='bbox 1040 3747 1208 3819; x_wconf 84' lang='lat' dir='ltr'><strong>expediendi,</strong></span> <span class='ocrx_word' id='word_1_398' title='bbox 1219 3765 1281 3819; x_wconf 76' lang='lat' dir='ltr'><strong>quse</strong></span> 
     </span>
     <span class='ocr_line' id='line_1_44' title="bbox 135 3824 1283 3898; baseline 0.003 -20"><span class='ocrx_word' id='word_1_399' title='bbox 135 3824 162 3878; x_wconf 92' lang='lat' dir='ltr'><strong>in</strong></span> <span class='ocrx_word' id='word_1_400' title='bbox 175 3825 319 3896; x_wconf 84' lang='lat' dir='ltr'><strong>praemissis</strong></span> <span class='ocrx_word' id='word_1_401' title='bbox 340 3827 383 3881; x_wconf 84' lang='lat' dir='ltr'><strong>vel</strong></span> <span class='ocrx_word' id='word_1_402' title='bbox 399 3827 469 3881; x_wconf 88' lang='lat' dir='ltr'><strong>circa</strong></span> <span class='ocrx_word' id='word_1_403' title='bbox 487 3844 519 3880; x_wconf 88' lang='lat' dir='ltr'><strong>ea</strong></span> <span class='ocrx_word' id='word_1_404' title='bbox 537 3825 685 3882; x_wconf 88' lang='lat' dir='ltr'><strong>necessaria</strong></span> <span class='ocrx_word' id='word_1_405' title='bbox 703 3824 804 3879; x_wconf 85' lang='lat' dir='ltr'><strong>fuerint</strong></span> <span class='ocrx_word' id='word_1_406' title='bbox 821 3843 868 3879; x_wconf 91' lang='lat' dir='ltr'><strong>seu</strong></span> <span class='ocrx_word' id='word_1_407' title='bbox 883 3824 1084 3896; x_wconf 86' lang='lat' dir='ltr'><strong>quomodolibet</strong></span> <span class='ocrx_word' id='word_1_408' title='bbox 1102 3833 1241 3898; x_wconf 88' lang='lat' dir='ltr'><strong>oportuna,</strong></span> <span class='ocrx_word' id='word_1_409' title='bbox 1255 3835 1283 3882; x_wconf 93' lang='lat' dir='ltr'><strong>et</strong></span> 
     </span>
     <span class='ocr_line' id='line_1_45' title="bbox 134 3903 1283 3976; baseline 0.003 -19"><span class='ocrx_word' id='word_1_410' title='bbox 134 3922 194 3974; x_wconf 69' lang='lat' dir='ltr'><strong>quse</strong></span> <span class='ocrx_word' id='word_1_411' title='bbox 208 3922 258 3975; x_wconf 83' lang='lat' dir='ltr'><strong>ego</strong></span> <span class='ocrx_word' id='word_1_412' title='bbox 270 3905 357 3958; x_wconf 86' lang='lat' dir='ltr'><strong>facere</strong></span> <span class='ocrx_word' id='word_1_413' title='bbox 366 3923 470 3976; x_wconf 89' lang='lat' dir='ltr'><strong>possem</strong></span> <span class='ocrx_word' id='word_1_414' title='bbox 482 3905 505 3959; x_wconf 90' lang='lat' dir='ltr'><strong>si</strong></span> <span class='ocrx_word' id='word_1_415' title='bbox 517 3904 662 3976; x_wconf 71' lang='lat' dir='ltr'><strong>praemissis</strong></span> <span class='ocrx_word' id='word_1_416' title='bbox 674 3903 798 3959; x_wconf 92' lang='lat' dir='ltr'><strong>omnibus</strong></span> <span class='ocrx_word' id='word_1_417' title='bbox 810 3912 837 3958; x_wconf 88' lang='lat' dir='ltr'><strong>et</strong></span> <span class='ocrx_word' id='word_1_418' title='bbox 849 3904 962 3975; x_wconf 78' lang='lat' dir='ltr'><strong>singulis</strong></span> <span class='ocrx_word' id='word_1_419' title='bbox 981 3922 1097 3975; x_wconf 81' lang='lat' dir='ltr'><strong>proesens</strong></span> <span class='ocrx_word' id='word_1_420' title='bbox 1109 3907 1283 3976; x_wconf 83' lang='lat' dir='ltr'><strong>personaliter</strong></span> 
     </span>
     <span class='ocr_line' id='line_1_46' title="bbox 134 3983 1283 4054; baseline 0.003 -18"><span class='ocrx_word' id='word_1_421' title='bbox 134 3984 296 4051; x_wconf 83' lang='lat' dir='ltr'><strong>interessem,</strong></span> <span class='ocrx_word' id='word_1_422' title='bbox 309 3984 394 4037; x_wconf 86' lang='lat' dir='ltr'><strong>eciam</strong></span> <span class='ocrx_word' id='word_1_423' title='bbox 407 3985 429 4038; x_wconf 89' lang='lat' dir='ltr'><strong>si</strong></span> <span class='ocrx_word' id='word_1_424' title='bbox 442 3985 600 4039; x_wconf 90' lang='lat' dir='ltr'><strong>mandatum</strong></span> <span class='ocrx_word' id='word_1_425' title='bbox 612 3983 698 4052; x_wconf 80' lang='lat' dir='ltr'><strong>magis</strong></span> <span class='ocrx_word' id='word_1_426' title='bbox 709 3983 819 4054; x_wconf 79' lang='lat' dir='ltr'><strong>exigant</strong></span> <span class='ocrx_word' id='word_1_427' title='bbox 830 3984 945 4054; x_wconf 86' lang='lat' dir='ltr'><strong>speciale</strong></span> <span class='ocrx_word' id='word_1_428' title='bbox 957 4000 1037 4054; x_wconf 91' lang='lat' dir='ltr'><strong>qnam</strong></span> <span class='ocrx_word' id='word_1_429' title='bbox 1055 3983 1230 4054; x_wconf 71' lang='lat' dir='ltr'><strong>praesentibus</strong></span> <span class='ocrx_word' id='word_1_430' title='bbox 1242 3992 1283 4039; x_wconf 86' lang='lat' dir='ltr'><strong>est</strong></span> 
     </span>
     <span class='ocr_line' id='line_1_47' title="bbox 135 4060 1283 4134; baseline 0.001 -18"><span class='ocrx_word' id='word_1_431' title='bbox 135 4080 296 4132; x_wconf 81' lang='lat' dir='ltr'><strong>expressum,</strong></span> <span class='ocrx_word' id='word_1_432' title='bbox 309 4071 408 4131; x_wconf 86' lang='lat' dir='ltr'><strong>ratum,</strong></span> <span class='ocrx_word' id='word_1_433' title='bbox 421 4070 536 4133; x_wconf 81' lang='lat' dir='ltr'><strong>gratnm,</strong></span> <span class='ocrx_word' id='word_1_434' title='bbox 548 4063 657 4116; x_wconf 88' lang='lat' dir='ltr'><strong>firmum</strong></span> <span class='ocrx_word' id='word_1_435' title='bbox 668 4068 749 4134; x_wconf 86' lang='lat' dir='ltr'><strong>utque</strong></span> <span class='ocrx_word' id='word_1_436' title='bbox 760 4060 857 4115; x_wconf 85' lang='lat' dir='ltr'><strong>stabile</strong></span> <span class='ocrx_word' id='word_1_437' title='bbox 878 4070 1006 4133; x_wconf 92' lang='lat' dir='ltr'><strong>perpetuo</strong></span> <span class='ocrx_word' id='word_1_438' title='bbox 1023 4062 1142 4117; x_wconf 91' lang='lat' dir='ltr'><strong>habituri</strong></span> <span class='ocrx_word' id='word_1_439' title='bbox 1153 4069 1244 4117; x_wconf 83' lang='lat' dir='ltr'><strong>totum</strong></span> <span class='ocrx_word' id='word_1_440' title='bbox 1255 4072 1283 4117; x_wconf 92' lang='lat' dir='ltr'><strong>et</strong></span> 
     </span>
     <span class='ocr_line' id='line_1_48' title="bbox 134 4139 1282 4214; baseline 0.002 -20"><span class='ocrx_word' id='word_1_441' title='bbox 134 4142 261 4213; x_wconf 91' lang='lat' dir='ltr'><strong>quicquid</strong></span> <span class='ocrx_word' id='word_1_442' title='bbox 279 4160 326 4213; x_wconf 90' lang='lat' dir='ltr'><strong>per</strong></span> <span class='ocrx_word' id='word_1_443' title='bbox 342 4142 487 4213; x_wconf 83' lang='lat' dir='ltr'><strong>praedictos</strong></span> <span class='ocrx_word' id='word_1_444' title='bbox 505 4148 689 4213; x_wconf 88' lang='lat' dir='ltr'><strong>procuratores</strong></span> <span class='ocrx_word' id='word_1_445' title='bbox 706 4158 780 4195; x_wconf 88' lang='lat' dir='ltr'><strong>meos</strong></span> <span class='ocrx_word' id='word_1_446' title='bbox 797 4139 973 4212; x_wconf 90' lang='lat' dir='ltr'><strong>conjunctim,</strong></span> <span class='ocrx_word' id='word_1_447' title='bbox 990 4140 1034 4196; x_wconf 84' lang='lat' dir='ltr'><strong>vel</strong></span> <span class='ocrx_word' id='word_1_448' title='bbox 1055 4160 1148 4196; x_wconf 91' lang='lat' dir='ltr'><strong>eornm</strong></span> <span class='ocrx_word' id='word_1_449' title='bbox 1166 4142 1282 4214; x_wconf 90' lang='lat' dir='ltr'><strong>aliquem</strong></span> 
     </span>
     <span class='ocr_line' id='line_1_49' title="bbox 134 4218 1284 4291; baseline 0.001 -17"><span class='ocrx_word' id='word_1_450' title='bbox 134 4238 220 4289; x_wconf 90' lang='lat' dir='ltr'><strong>perse</strong></span> <span class='ocrx_word' id='word_1_451' title='bbox 233 4221 341 4276; x_wconf 84' lang='lat' dir='ltr'><strong>divisim</strong></span> <span class='ocrx_word' id='word_1_452' title='bbox 360 4228 460 4290; x_wconf 87' lang='lat' dir='ltr'><strong>actum,</strong></span> <span class='ocrx_word' id='word_1_453' title='bbox 480 4222 590 4287; x_wconf 85' lang='lat' dir='ltr'><strong>factum,</strong></span> <span class='ocrx_word' id='word_1_454' title='bbox 612 4220 725 4286; x_wconf 91' lang='lat' dir='ltr'><strong>dictum,</strong></span> <span class='ocrx_word' id='word_1_455' title='bbox 744 4227 858 4289; x_wconf 77' lang='lat' dir='ltr'><strong>gestum,</strong></span> <span class='ocrx_word' id='word_1_456' title='bbox 876 4218 1033 4287; x_wconf 78' lang='lat' dir='ltr'><strong>exercitum,</strong></span> <span class='ocrx_word' id='word_1_457' title='bbox 1052 4230 1234 4291; x_wconf 90' lang='lat' dir='ltr'><strong>procuratum,</strong></span> <span class='ocrx_word' id='word_1_458' title='bbox 1255 4229 1284 4276; x_wconf 88' lang='lat' dir='ltr'><strong>et</strong></span> 
     </span>
     <span class='ocr_line' id='line_1_50' title="bbox 135 4298 1283 4372; baseline 0.002 -19"><span class='ocrx_word' id='word_1_459' title='bbox 135 4300 291 4370; x_wconf 82' lang='lat' dir='ltr'><strong>expeditum</strong></span> <span class='ocrx_word' id='word_1_460' title='bbox 310 4301 393 4355; x_wconf 84' lang='lat' dir='ltr'><strong>fuerit</strong></span> <span class='ocrx_word' id='word_1_461' title='bbox 412 4300 441 4353; x_wconf 93' lang='lat' dir='ltr'><strong>in</strong></span> <span class='ocrx_word' id='word_1_462' title='bbox 461 4299 606 4372; x_wconf 73' lang='lat' dir='ltr'><strong>premissis</strong></span> <span class='ocrx_word' id='word_1_463' title='bbox 629 4316 675 4353; x_wconf 91' lang='lat' dir='ltr'><strong>eeu</strong></span> <span class='ocrx_word' id='word_1_464' title='bbox 699 4298 790 4370; x_wconf 89' lang='lat' dir='ltr'><strong>aliquo</strong></span> <span class='ocrx_word' id='word_1_465' title='bbox 815 4299 1022 4369; x_wconf 71' lang='lat' dir='ltr'><strong>premissorum,</strong></span> <span class='ocrx_word' id='word_1_466' title='bbox 1044 4298 1147 4370; x_wconf 90' lang='lat' dir='ltr'><strong>judicio</strong></span> <span class='ocrx_word' id='word_1_467' title='bbox 1171 4300 1230 4353; x_wconf 90' lang='lat' dir='ltr'><strong>sisti</strong></span> <span class='ocrx_word' id='word_1_468' title='bbox 1255 4308 1283 4356; x_wconf 89' lang='lat' dir='ltr'><strong>et</strong></span> 
     </span>
     <span class='ocr_line' id='line_1_51' title="bbox 131 4377 1283 4450; baseline 0.001 -19"><span class='ocrx_word' id='word_1_469' title='bbox 131 4378 285 4450; x_wconf 85' lang='lat' dir='ltr'><strong>judicatum</strong></span> <span class='ocrx_word' id='word_1_470' title='bbox 310 4381 382 4434; x_wconf 87' lang='lat' dir='ltr'><strong>solus</strong></span> <span class='ocrx_word' id='word_1_471' title='bbox 406 4379 456 4433; x_wconf 93' lang='lat' dir='ltr'><strong>snb</strong></span> <span class='ocrx_word' id='word_1_472' title='bbox 477 4379 608 4450; x_wconf 79' lang='lat' dir='ltr'><strong>ypotheca</strong></span> <span class='ocrx_word' id='word_1_473' title='bbox 627 4384 656 4432; x_wconf 86' lang='lat' dir='ltr'><strong>et</strong></span> <span class='ocrx_word' id='word_1_474' title='bbox 681 4377 846 4449; x_wconf 82' lang='lat' dir='ltr'><strong>obligacione</strong></span> <span class='ocrx_word' id='word_1_475' title='bbox 872 4377 992 4431; x_wconf 91' lang='lat' dir='ltr'><strong>omnium</strong></span> <span class='ocrx_word' id='word_1_476' title='bbox 1013 4378 1141 4433; x_wconf 89' lang='lat' dir='ltr'><strong>bonorum</strong></span> <span class='ocrx_word' id='word_1_477' title='bbox 1161 4395 1283 4432; x_wconf 88' lang='lat' dir='ltr'><strong>meorum</strong></span> 
     </span>
     <span class='ocr_line' id='line_1_52' title="bbox 134 4456 1283 4529; baseline 0 -18"><span class='ocrx_word' id='word_1_478' title='bbox 134 4459 270 4528; x_wconf 88' lang='lat' dir='ltr'><strong>promitto,</strong></span> <span class='ocrx_word' id='word_1_479' title='bbox 283 4467 310 4512; x_wconf 90' lang='lat' dir='ltr'><strong>et</strong></span> <span class='ocrx_word' id='word_1_480' title='bbox 323 4459 478 4513; x_wconf 78' lang='lat' dir='ltr'><strong>concionem</strong></span> <span class='ocrx_word' id='word_1_481' title='bbox 491 4474 595 4529; x_wconf 85' lang='lat' dir='ltr'><strong>expono</strong></span> <span class='ocrx_word' id='word_1_482' title='bbox 607 4457 716 4511; x_wconf 86' lang='lat' dir='ltr'><strong>realiter</strong></span> <span class='ocrx_word' id='word_1_483' title='bbox 734 4474 781 4528; x_wconf 90' lang='lat' dir='ltr'><strong>per</strong></span> <span class='ocrx_word' id='word_1_484' title='bbox 799 4464 952 4527; x_wconf 75' lang='lat' dir='ltr'><strong>praesentes.</strong></span> <span class='ocrx_word' id='word_1_485' title='bbox 988 4457 1022 4510; x_wconf 92' lang='lat' dir='ltr'><strong>Iu</strong></span> <span class='ocrx_word' id='word_1_486' title='bbox 1034 4474 1148 4527; x_wconf 89' lang='lat' dir='ltr'><strong>quornm</strong></span> <span class='ocrx_word' id='word_1_487' title='bbox 1161 4456 1283 4511; x_wconf 88' lang='lat' dir='ltr'><strong>omnium</strong></span> 
     </span>
    </p>
   </div>
   <div class='ocr_carea' id='block_1_8' title="bbox 0 0 1508 5010">
    <p class='ocr_par' dir='ltr' id='par_1_8' title="bbox 0 0 1508 5010">
     <span class='ocr_line' id='line_1_53' title="bbox 0 0 1508 5010; baseline 0 0"><span class='ocrx_word' id='word_1_488' title='bbox 0 0 1508 5010; x_wconf 95' lang='lat' dir='ltr'><strong> </strong></span> 
     </span>
    </p>
   </div>
  </div>
 </body>
</html>
