<?xml version="1.0" encoding="UTF-8"?>
<!DOCTYPE html PUBLIC "-//W3C//DTD XHTML 1.0 Transitional//EN"
    "http://www.w3.org/TR/xhtml1/DTD/xhtml1-transitional.dtd">
<html xmlns="http://www.w3.org/1999/xhtml" xml:lang="en" lang="en">
 <head>
  <title>
</title>
<meta http-equiv="Content-Type" content="text/html;charset=utf-8" />
  <meta name='ocr-system' content='tesseract 3.04.00' />
  <meta name='ocr-capabilities' content='ocr_page ocr_carea ocr_par ocr_line ocrx_word'/>
</head>
<body>
  <div class='ocr_page' id='page_1' title='image "./memorialschurch04fowlgoog_0082.png"; bbox 0 0 2992 5010; ppageno 0'>
   <div class='ocr_carea' id='block_1_1' title="bbox 90 320 1046 391">
    <p class='ocr_par' dir='ltr' id='par_1_1' title="bbox 90 320 1046 391">
     <span class='ocr_line' id='line_1_1' title="bbox 90 320 1046 391; baseline -0.003 0"><span class='ocrx_word' id='word_1_1' title='bbox 90 320 138 391; x_wconf 80' lang='grc'>66</span> <span class='ocrx_word' id='word_1_2' title='bbox 624 336 832 390; x_wconf 73' lang='lat' dir='ltr'>runcinus</span> <span class='ocrx_word' id='word_1_3' title='bbox 855 337 902 390; x_wconf 81' lang='lat' dir='ltr'>or</span> <span class='ocrx_word' id='word_1_4' title='bbox 926 336 1046 391; x_wconf 78' lang='lat' dir='ltr'>unos.</span> 
     </span>
    </p>
   </div>
   <div class='ocr_carea' id='block_1_2' title="bbox 80 503 1411 4025">
    <p class='ocr_par' dir='ltr' id='par_1_2' title="bbox 80 503 1411 1927">
     <span class='ocr_line' id='line_1_2' title="bbox 88 503 1410 587; baseline 0.005 -27"><span class='ocrx_word' id='word_1_5' title='bbox 88 514 130 573; x_wconf 75' lang='lat'>(24</span> <span class='ocrx_word' id='word_1_6' title='bbox 141 515 176 574; x_wconf 71' lang='grc' dir='ltr'>υ.)</span> <span class='ocrx_word' id='word_1_7' title='bbox 331 505 527 582; x_wconf 75' lang='lat' dir='ltr'><strong>willelmus,</strong></span> <span class='ocrx_word' id='word_1_8' title='bbox 542 506 752 587; x_wconf 77' lang='lat' dir='ltr'>permissione</span> <span class='ocrx_word' id='word_1_9' title='bbox 767 505 895 582; x_wconf 83' lang='lat' dir='ltr'>Divina,</span> <span class='ocrx_word' id='word_1_10' title='bbox 907 512 970 568; x_wconf 84' lang='lat' dir='ltr'>etc.</span> <span class='ocrx_word' id='word_1_11' title='bbox 985 505 1112 568; x_wconf 89' lang='lat' dir='ltr'>dilectis</span> <span class='ocrx_word' id='word_1_12' title='bbox 1127 504 1204 566; x_wconf 91' lang='lat' dir='ltr'>filiis</span> <span class='ocrx_word' id='word_1_13' title='bbox 1227 549 1236 566; x_wconf 97' lang='lat'>.</span> <span class='ocrx_word' id='word_1_14' title='bbox 1260 548 1269 567; x_wconf 93' lang='lat'>.</span> <span class='ocrx_word' id='word_1_15' title='bbox 1291 503 1410 567; x_wconf 81' lang='lat' dir='ltr'>decano</span> 
     </span>
     <span class='ocr_line' id='line_1_3' title="bbox 89 585 1411 679; baseline -0.002 -17"><span class='ocrx_word' id='word_1_16' title='bbox 89 585 200 679; x_wconf 52' lang='lat' dir='ltr'>ssffffl</span> <span class='ocrx_word' id='word_1_17' title='bbox 266 599 408 663; x_wconf 81' lang='lat' dir='ltr'>ecclesiae</span> <span class='ocrx_word' id='word_1_18' title='bbox 440 606 559 663; x_wconf 87' lang='lat' dir='ltr'>nostrae</span> <span class='ocrx_word' id='word_1_19' title='bbox 590 601 685 663; x_wconf 88' lang='lat' dir='ltr'>Ebor.</span> <span class='ocrx_word' id='word_1_20' title='bbox 715 608 749 662; x_wconf 89' lang='lat' dir='ltr'>et</span> <span class='ocrx_word' id='word_1_21' title='bbox 773 647 782 663; x_wconf 93' lang='lat'>.</span> <span class='ocrx_word' id='word_1_22' title='bbox 806 646 815 662; x_wconf 94' lang='lat'>.</span> <span class='ocrx_word' id='word_1_23' title='bbox 838 601 967 663; x_wconf 88' lang='lat' dir='ltr'>officiali</span> <span class='ocrx_word' id='word_1_24' title='bbox 995 606 1106 662; x_wconf 89' lang='lat' dir='ltr'>nostro</span> <span class='ocrx_word' id='word_1_25' title='bbox 1134 600 1231 662; x_wconf 90' lang='lat' dir='ltr'>Ebor.</span> <span class='ocrx_word' id='word_1_26' title='bbox 1260 599 1411 676; x_wconf 82' lang='lat' dir='ltr'>salutem,</span> 
     </span>
     <span class='ocr_line' id='line_1_4' title="bbox 88 688 1411 779; baseline 0 -22"><span class='ocrx_word' id='word_1_27' title='bbox 88 688 178 736; x_wconf 58' lang='grc' dir='ltr'>’Μ</span> <span class='ocrx_word' id='word_1_28' title='bbox 264 699 417 779; x_wconf 76' lang='lat' dir='ltr'><strong>graciam,</strong></span> <span class='ocrx_word' id='word_1_29' title='bbox 432 703 467 760; x_wconf 91' lang='lat' dir='ltr'>et</span> <span class='ocrx_word' id='word_1_30' title='bbox 481 697 756 760; x_wconf 80' lang='lat' dir='ltr'>benediccionem.</span> <span class='ocrx_word' id='word_1_31' title='bbox 800 697 934 759; x_wconf 88' lang='lat' dir='ltr'><strong>Dudum</strong></span> <span class='ocrx_word' id='word_1_32' title='bbox 956 698 990 758; x_wconf 95' lang='lat' dir='ltr'>in</span> <span class='ocrx_word' id='word_1_33' title='bbox 1015 697 1152 759; x_wconf 86' lang='lat' dir='ltr'>ecclesia</span> <span class='ocrx_word' id='word_1_34' title='bbox 1171 701 1281 758; x_wconf 89' lang='lat' dir='ltr'>nostra</span> <span class='ocrx_word' id='word_1_35' title='bbox 1296 693 1411 777; x_wconf 87' lang='lat' dir='ltr'>Ripon’</span> 
     </span>
     <span class='ocr_line' id='line_1_5' title="bbox 81 772 1410 891; baseline -0.001 -38"><span class='ocrx_word' id='word_1_36' title='bbox 81 772 220 891; x_wconf 40' lang='lat'>&amp;5⁸:⁸⁸⁰</span> <span class='ocrx_word' id='word_1_37' title='bbox 264 794 463 854; x_wconf 76' lang='lat' dir='ltr'><strong>visitacionis</strong></span> <span class='ocrx_word' id='word_1_38' title='bbox 486 792 628 855; x_wconf 89' lang='lat' dir='ltr'>officium</span> <span class='ocrx_word' id='word_1_39' title='bbox 653 798 860 855; x_wconf 81' lang='lat' dir='ltr'>excercentes</span> <span class='ocrx_word' id='word_1_40' title='bbox 885 793 1100 875; x_wconf 82' lang='lat' dir='ltr'>comperimus</span> <span class='ocrx_word' id='word_1_41' title='bbox 1129 791 1216 874; x_wconf 90' lang='lat' dir='ltr'>quod</span> <span class='ocrx_word' id='word_1_42' title='bbox 1245 789 1410 854; x_wconf 85' lang='lat' dir='ltr'>Johanncs</span> 
     </span>
     <span class='ocr_line' id='line_1_6' title="bbox 87 884 1410 969; baseline -0.001 -20"><span class='ocrx_word' id='word_1_43' title='bbox 87 890 177 949; x_wconf 61' lang='lat' dir='ltr'>„qveso</span> <span class='ocrx_word' id='word_1_44' title='bbox 264 887 353 950; x_wconf 91' lang='lat' dir='ltr'>filius</span> <span class='ocrx_word' id='word_1_45' title='bbox 376 889 492 949; x_wconf 89' lang='lat' dir='ltr'>Branci</span> <span class='ocrx_word' id='word_1_46' title='bbox 516 888 693 964; x_wconf 86' lang='lat' dir='ltr'>Sarraceni,</span> <span class='ocrx_word' id='word_1_47' title='bbox 708 889 933 950; x_wconf 66' lang='lat' dir='ltr'>canonicatum</span> <span class='ocrx_word' id='word_1_48' title='bbox 956 894 991 951; x_wconf 89' lang='lat' dir='ltr'>et</span> <span class='ocrx_word' id='word_1_49' title='bbox 1012 887 1216 969; x_wconf 71' lang='lat' dir='ltr'>praebendam</span> <span class='ocrx_word' id='word_1_50' title='bbox 1237 887 1279 949; x_wconf 84' lang='lat' dir='ltr'>ds</span> <span class='ocrx_word' id='word_1_51' title='bbox 1294 884 1410 968; x_wconf 77' lang='lat' dir='ltr'>&#39;l’horp’</span> 
     </span>
     <span class='ocr_line' id='line_1_7' title="bbox 86 983 1410 1065; baseline -0.002 -20"><span class='ocrx_word' id='word_1_52' title='bbox 86 1006 205 1053; x_wconf 64' lang='lat' dir='ltr'>Jeme</span> <span class='ocrx_word' id='word_1_53' title='bbox 263 984 300 1045; x_wconf 92' lang='lat' dir='ltr'>in</span> <span class='ocrx_word' id='word_1_54' title='bbox 315 985 384 1064; x_wconf 92' lang='lat' dir='ltr'>ipsa</span> <span class='ocrx_word' id='word_1_55' title='bbox 398 983 532 1045; x_wconf 89' lang='lat' dir='ltr'>ecclesia</span> <span class='ocrx_word' id='word_1_56' title='bbox 546 1003 706 1064; x_wconf 84' lang='lat' dir='ltr'>occupans</span> <span class='ocrx_word' id='word_1_57' title='bbox 728 1003 786 1065; x_wconf 93' lang='lat' dir='ltr'>per</span> <span class='ocrx_word' id='word_1_58' title='bbox 800 983 912 1044; x_wconf 89' lang='lat' dir='ltr'>literas</span> <span class='ocrx_word' id='word_1_59' title='bbox 936 984 1142 1064; x_wconf 87' lang='lat' dir='ltr'>surrepticias</span> <span class='ocrx_word' id='word_1_60' title='bbox 1157 989 1192 1044; x_wconf 88' lang='lat' dir='ltr'>et</span> <span class='ocrx_word' id='word_1_61' title='bbox 1206 983 1286 1044; x_wconf 88' lang='lat' dir='ltr'>alias</span> <span class='ocrx_word' id='word_1_62' title='bbox 1300 983 1410 1043; x_wconf 91' lang='lat' dir='ltr'>minus</span> 
     </span>
     <span class='ocr_line' id='line_1_8' title="bbox 80 1064 1411 1171; baseline 0.002 -35"><span class='ocrx_word' id='word_1_63' title='bbox 80 1064 149 1171; x_wconf 50' lang='grc' dir='ltr'>’ἕω</span> <span class='ocrx_word' id='word_1_64' title='bbox 172 1065 219 1166; x_wconf 48' lang='grc' dir='ltr'>ἐξ)</span> <span class='ocrx_word' id='word_1_65' title='bbox 263 1081 417 1142; x_wconf 82' lang='lat' dir='ltr'>cononice</span> <span class='ocrx_word' id='word_1_66' title='bbox 443 1085 494 1142; x_wconf 88' lang='lat' dir='ltr'>est</span> <span class='ocrx_word' id='word_1_67' title='bbox 516 1079 655 1160; x_wconf 87' lang='lat' dir='ltr'>adeptus</span> <span class='ocrx_word' id='word_1_68' title='bbox 678 1079 821 1157; x_wconf 85' lang='lat' dir='ltr'>eosdem,</span> <span class='ocrx_word' id='word_1_69' title='bbox 842 1080 993 1161; x_wconf 90' lang='lat' dir='ltr'>qnodque</span> <span class='ocrx_word' id='word_1_70' title='bbox 1016 1099 1083 1141; x_wconf 90' lang='lat' dir='ltr'>non</span> <span class='ocrx_word' id='word_1_71' title='bbox 1105 1084 1156 1141; x_wconf 87' lang='lat' dir='ltr'>est</span> <span class='ocrx_word' id='word_1_72' title='bbox 1178 1078 1326 1155; x_wconf 88' lang='lat' dir='ltr'>clericus,</span> <span class='ocrx_word' id='word_1_73' title='bbox 1348 1097 1411 1139; x_wconf 88' lang='lat' dir='ltr'>neo</span> 
     </span>
     <span class='ocr_line' id='line_1_9' title="bbox 90 1173 1408 1285; baseline 0 -50"><span class='ocrx_word' id='word_1_74' title='bbox 90 1183 229 1285; x_wconf 47' lang='lat' dir='ltr'>§amaia</span> <span class='ocrx_word' id='word_1_75' title='bbox 262 1195 320 1256; x_wconf 92' lang='lat' dir='ltr'>pro</span> <span class='ocrx_word' id='word_1_76' title='bbox 335 1175 451 1237; x_wconf 84' lang='lat' dir='ltr'>clerico</span> <span class='ocrx_word' id='word_1_77' title='bbox 466 1195 500 1236; x_wconf 90' lang='lat' dir='ltr'>se</span> <span class='ocrx_word' id='word_1_78' title='bbox 511 1176 609 1256; x_wconf 86' lang='lat' dir='ltr'>gerit,</span> <span class='ocrx_word' id='word_1_79' title='bbox 620 1175 678 1236; x_wconf 90' lang='lat' dir='ltr'>sed</span> <span class='ocrx_word' id='word_1_80' title='bbox 692 1195 762 1236; x_wconf 88' lang='lat' dir='ltr'>esse</span> <span class='ocrx_word' id='word_1_81' title='bbox 777 1175 898 1237; x_wconf 90' lang='lat' dir='ltr'>dicitur</span> <span class='ocrx_word' id='word_1_82' title='bbox 913 1174 1118 1258; x_wconf 84' lang='lat' dir='ltr'>conjugatus,</span> <span class='ocrx_word' id='word_1_83' title='bbox 1133 1179 1168 1236; x_wconf 90' lang='lat' dir='ltr'>et</span> <span class='ocrx_word' id='word_1_84' title='bbox 1182 1175 1261 1236; x_wconf 90' lang='lat' dir='ltr'>licet</span> <span class='ocrx_word' id='word_1_85' title='bbox 1274 1173 1408 1255; x_wconf 78' lang='lat' dir='ltr'>quidam</span> 
     </span>
     <span class='ocr_line' id='line_1_10' title="bbox 87 1254 1408 1358; baseline -0.002 -27"><span class='ocrx_word' id='word_1_86' title='bbox 87 1254 179 1358; x_wconf 56' lang='grc' dir='ltr'>’ἦῇ</span> <span class='ocrx_word' id='word_1_87' title='bbox 262 1270 323 1332; x_wconf 91' lang='lat' dir='ltr'>sub</span> <span class='ocrx_word' id='word_1_88' title='bbox 337 1269 452 1331; x_wconf 88' lang='lat' dir='ltr'>umbra</span> <span class='ocrx_word' id='word_1_89' title='bbox 467 1272 517 1331; x_wconf 92' lang='lat' dir='ltr'>sui</span> <span class='ocrx_word' id='word_1_90' title='bbox 532 1268 673 1331; x_wconf 90' lang='lat' dir='ltr'>hominis</span> <span class='ocrx_word' id='word_1_91' title='bbox 696 1270 820 1331; x_wconf 89' lang='lat' dir='ltr'>fructus</span> <span class='ocrx_word' id='word_1_92' title='bbox 835 1274 871 1332; x_wconf 90' lang='lat' dir='ltr'>et</span> <span class='ocrx_word' id='word_1_93' title='bbox 884 1277 1060 1350; x_wconf 89' lang='lat' dir='ltr'>proventus</span> <span class='ocrx_word' id='word_1_94' title='bbox 1074 1270 1114 1332; x_wconf 91' lang='lat' dir='ltr'>ad</span> <span class='ocrx_word' id='word_1_95' title='bbox 1129 1271 1356 1332; x_wconf 83' lang='lat' dir='ltr'>canonicatum</span> <span class='ocrx_word' id='word_1_96' title='bbox 1372 1274 1408 1329; x_wconf 85' lang='lat' dir='ltr'>et</span> 
     </span>
     <span class='ocr_line' id='line_1_11' title="bbox 86 1364 1409 1448; baseline -0.001 -22"><span class='ocrx_word' id='word_1_97' title='bbox 86 1379 157 1427; x_wconf 72' lang='lat' dir='ltr'>nois</span> <span class='ocrx_word' id='word_1_98' title='bbox 168 1383 237 1427; x_wconf 69' lang='lat' dir='ltr'>nos·</span> <span class='ocrx_word' id='word_1_99' title='bbox 263 1366 469 1446; x_wconf 82' lang='lat' dir='ltr'>praebendam</span> <span class='ocrx_word' id='word_1_100' title='bbox 492 1365 622 1427; x_wconf 91' lang='lat' dir='ltr'>eosdem</span> <span class='ocrx_word' id='word_1_101' title='bbox 644 1371 829 1446; x_wconf 74' lang='lat' dir='ltr'>spectantes</span> <span class='ocrx_word' id='word_1_102' title='bbox 844 1367 1049 1447; x_wconf 77' lang='lat' dir='ltr'>perceperint</span> <span class='ocrx_word' id='word_1_103' title='bbox 1063 1371 1097 1427; x_wconf 92' lang='lat' dir='ltr'>et</span> <span class='ocrx_word' id='word_1_104' title='bbox 1111 1367 1305 1448; x_wconf 81' lang='lat' dir='ltr'>percipiant,</span> <span class='ocrx_word' id='word_1_105' title='bbox 1321 1364 1409 1426; x_wconf 87' lang='lat' dir='ltr'>idem</span> 
     </span>
     <span class='ocr_line' id='line_1_12' title="bbox 86 1439 1409 1544; baseline -0.001 -22"><span class='ocrx_word' id='word_1_106' title='bbox 86 1439 215 1544; x_wconf 44' lang='lat' dir='ltr'>{32:¹5⁹de</span> <span class='ocrx_word' id='word_1_107' title='bbox 261 1467 371 1522; x_wconf 88' lang='lat' dir='ltr'>tamen</span> <span class='ocrx_word' id='word_1_108' title='bbox 386 1460 408 1523; x_wconf 88' lang='lat' dir='ltr'><strong>J</strong></span> <span class='ocrx_word' id='word_1_109' title='bbox 409 1458 563 1537; x_wconf 89' lang='lat' dir='ltr'>ohannes,</span> <span class='ocrx_word' id='word_1_110' title='bbox 580 1466 638 1522; x_wconf 88' lang='lat' dir='ltr'>aut</span> <span class='ocrx_word' id='word_1_111' title='bbox 653 1461 737 1523; x_wconf 89' lang='lat' dir='ltr'>alius</span> <span class='ocrx_word' id='word_1_112' title='bbox 757 1481 816 1523; x_wconf 92' lang='lat' dir='ltr'>suo</span> <span class='ocrx_word' id='word_1_113' title='bbox 834 1462 977 1538; x_wconf 90' lang='lat' dir='ltr'>nomine,</span> <span class='ocrx_word' id='word_1_114' title='bbox 992 1461 1129 1523; x_wconf 82' lang='lat' dir='ltr'>aedificia</span> <span class='ocrx_word' id='word_1_115' title='bbox 1144 1461 1185 1522; x_wconf 89' lang='lat' dir='ltr'>ad</span> <span class='ocrx_word' id='word_1_116' title='bbox 1207 1462 1294 1542; x_wconf 93' lang='lat' dir='ltr'>ipsos</span> <span class='ocrx_word' id='word_1_117' title='bbox 1319 1480 1409 1543; x_wconf 87' lang='lat' dir='ltr'>spec-</span> 
     </span>
     <span class='ocr_line' id='line_1_13' title="bbox 86 1555 1411 1638; baseline -0.001 -21"><span class='ocrx_word' id='word_1_118' title='bbox 86 1555 238 1604; x_wconf 69' lang='lat' dir='ltr'>hammer.</span> <span class='ocrx_word' id='word_1_119' title='bbox 262 1557 369 1617; x_wconf 90' lang='lat' dir='ltr'>tancia</span> <span class='ocrx_word' id='word_1_120' title='bbox 392 1557 495 1617; x_wconf 86' lang='lat' dir='ltr'>ruinae</span> <span class='ocrx_word' id='word_1_121' title='bbox 513 1556 584 1636; x_wconf 88' lang='lat' dir='ltr'>jam</span> <span class='ocrx_word' id='word_1_122' title='bbox 607 1558 753 1638; x_wconf 85' lang='lat' dir='ltr'>exposita</span> <span class='ocrx_word' id='word_1_123' title='bbox 766 1556 897 1618; x_wconf 88' lang='lat' dir='ltr'>reficere</span> <span class='ocrx_word' id='word_1_124' title='bbox 912 1577 978 1618; x_wconf 94' lang='lat' dir='ltr'>non</span> <span class='ocrx_word' id='word_1_125' title='bbox 993 1559 1131 1633; x_wconf 88' lang='lat' dir='ltr'>curavit,</span> <span class='ocrx_word' id='word_1_126' title='bbox 1146 1577 1205 1618; x_wconf 89' lang='lat' dir='ltr'>nec</span> <span class='ocrx_word' id='word_1_127' title='bbox 1226 1556 1290 1618; x_wconf 86' lang='lat' dir='ltr'>alia</span> <span class='ocrx_word' id='word_1_128' title='bbox 1312 1574 1411 1618; x_wconf 89' lang='lat' dir='ltr'>onera</span> 
     </span>
     <span class='ocr_line' id='line_1_14' title="bbox 262 1650 1409 1734; baseline 0 -22"><span class='ocrx_word' id='word_1_129' title='bbox 262 1653 324 1732; x_wconf 91' lang='lat' dir='ltr'>ipsi</span> <span class='ocrx_word' id='word_1_130' title='bbox 341 1650 497 1713; x_wconf 87' lang='lat' dir='ltr'>beneficio</span> <span class='ocrx_word' id='word_1_131' title='bbox 515 1652 741 1713; x_wconf 91' lang='lat' dir='ltr'>incumbencia</span> <span class='ocrx_word' id='word_1_132' title='bbox 763 1657 961 1734; x_wconf 88' lang='lat' dir='ltr'>supportare,</span> <span class='ocrx_word' id='word_1_133' title='bbox 983 1673 1055 1734; x_wconf 83' lang='lat' dir='ltr'>quae</span> <span class='ocrx_word' id='word_1_134' title='bbox 1077 1658 1145 1714; x_wconf 90' lang='lat' dir='ltr'>tam</span> <span class='ocrx_word' id='word_1_135' title='bbox 1166 1654 1201 1714; x_wconf 92' lang='lat' dir='ltr'>in</span> <span class='ocrx_word' id='word_1_136' title='bbox 1215 1652 1409 1714; x_wconf 86' lang='lat' dir='ltr'>visitacione</span> 
     </span>
     <span class='ocr_line' id='line_1_15' title="bbox 262 1745 1408 1828; baseline 0.001 -21"><span class='ocrx_word' id='word_1_137' title='bbox 262 1746 416 1826; x_wconf 66' lang='lat' dir='ltr'>praedicta</span> <span class='ocrx_word' id='word_1_138' title='bbox 439 1766 537 1828; x_wconf 84' lang='lat' dir='ltr'>quam</span> <span class='ocrx_word' id='word_1_139' title='bbox 560 1747 676 1826; x_wconf 85' lang='lat' dir='ltr'>saepius</span> <span class='ocrx_word' id='word_1_140' title='bbox 701 1752 797 1808; x_wconf 89' lang='lat' dir='ltr'>antea</span> <span class='ocrx_word' id='word_1_141' title='bbox 820 1747 939 1808; x_wconf 88' lang='lat' dir='ltr'>clamor</span> <span class='ocrx_word' id='word_1_142' title='bbox 964 1754 999 1809; x_wconf 90' lang='lat' dir='ltr'>et</span> <span class='ocrx_word' id='word_1_143' title='bbox 1023 1747 1109 1809; x_wconf 80' lang='lat' dir='ltr'>fama</span> <span class='ocrx_word' id='word_1_144' title='bbox 1130 1748 1249 1810; x_wconf 88' lang='lat' dir='ltr'>nostris</span> <span class='ocrx_word' id='word_1_145' title='bbox 1276 1745 1408 1809; x_wconf 82' lang='lat' dir='ltr'>nuribus</span> 
     </span>
     <span class='ocr_line' id='line_1_16' title="bbox 261 1842 1408 1927; baseline -0.001 -22"><span class='ocrx_word' id='word_1_146' title='bbox 261 1844 469 1920; x_wconf 88' lang='lat' dir='ltr'>nunciarunt,</span> <span class='ocrx_word' id='word_1_147' title='bbox 485 1847 530 1921; x_wconf 85' lang='lat' dir='ltr'>et,</span> <span class='ocrx_word' id='word_1_148' title='bbox 545 1844 631 1924; x_wconf 92' lang='lat' dir='ltr'>qnod</span> <span class='ocrx_word' id='word_1_149' title='bbox 654 1863 721 1906; x_wconf 90' lang='lat' dir='ltr'>non</span> <span class='ocrx_word' id='word_1_150' title='bbox 744 1845 815 1905; x_wconf 88' lang='lat' dir='ltr'>sine</span> <span class='ocrx_word' id='word_1_151' title='bbox 836 1843 941 1906; x_wconf 90' lang='lat' dir='ltr'>cordis</span> <span class='ocrx_word' id='word_1_152' title='bbox 962 1844 1181 1906; x_wconf 87' lang='lat' dir='ltr'>amaritudine</span> <span class='ocrx_word' id='word_1_153' title='bbox 1203 1842 1408 1927; x_wconf 87' lang='lat' dir='ltr'>proferimus,</span> 
     </span>
    </p>

    <p class='ocr_par' dir='ltr' id='par_1_3' title="bbox 262 1938 1409 2116">
     <span class='ocr_line' id='line_1_17' title="bbox 262 1938 1408 2023; baseline -0.001 -23"><span class='ocrx_word' id='word_1_154' title='bbox 262 1939 360 2022; x_wconf 85' lang='lat' dir='ltr'>vulgo</span> <span class='ocrx_word' id='word_1_155' title='bbox 385 1938 514 2019; x_wconf 90' lang='lat' dir='ltr'>publice</span> <span class='ocrx_word' id='word_1_156' title='bbox 538 1939 743 2021; x_wconf 83' lang='lat' dir='ltr'>praedicatur,</span> <span class='ocrx_word' id='word_1_157' title='bbox 766 1939 852 2021; x_wconf 90' lang='lat' dir='ltr'>quod</span> <span class='ocrx_word' id='word_1_158' title='bbox 874 1958 940 2001; x_wconf 91' lang='lat' dir='ltr'>non</span> <span class='ocrx_word' id='word_1_159' title='bbox 969 1940 1066 2002; x_wconf 87' lang='lat' dir='ltr'>aliter</span> <span class='ocrx_word' id='word_1_160' title='bbox 1088 1940 1296 2023; x_wconf 88' lang='lat' dir='ltr'>praesumitur</span> <span class='ocrx_word' id='word_1_161' title='bbox 1320 1938 1408 2000; x_wconf 86' lang='lat' dir='ltr'>idem</span> 
     </span>
     <span class='ocr_line' id='line_1_18' title="bbox 262 2030 1409 2116; baseline -0.002 -21"><span class='ocrx_word' id='word_1_162' title='bbox 262 2031 429 2095; x_wconf 78' lang='lat' dir='ltr'>lohannes</span> <span class='ocrx_word' id='word_1_163' title='bbox 444 2053 514 2095; x_wconf 90' lang='lat' dir='ltr'>esse</span> <span class='ocrx_word' id='word_1_164' title='bbox 530 2034 715 2110; x_wconf 87' lang='lat' dir='ltr'>canonicus,</span> <span class='ocrx_word' id='word_1_165' title='bbox 731 2035 795 2095; x_wconf 91' lang='lat' dir='ltr'>nisi</span> <span class='ocrx_word' id='word_1_166' title='bbox 819 2055 858 2096; x_wconf 86' lang='lat' dir='ltr'>ex</span> <span class='ocrx_word' id='word_1_167' title='bbox 881 2054 919 2096; x_wconf 93' lang='lat' dir='ltr'>eo</span> <span class='ocrx_word' id='word_1_168' title='bbox 934 2039 1066 2095; x_wconf 91' lang='lat' dir='ltr'>tantum</span> <span class='ocrx_word' id='word_1_169' title='bbox 1088 2033 1324 2116; x_wconf 90' lang='lat' dir='ltr'>quodquidam</span> <span class='ocrx_word' id='word_1_170' title='bbox 1348 2030 1409 2094; x_wconf 90' lang='lat' dir='ltr'>sub</span> 
     </span>
    </p>

    <p class='ocr_par' dir='ltr' id='par_1_4' title="bbox 262 2127 1408 2210">
     <span class='ocr_line' id='line_1_19' title="bbox 262 2127 1408 2210; baseline -0.001 -20"><span class='ocrx_word' id='word_1_171' title='bbox 262 2128 377 2190; x_wconf 88' lang='lat' dir='ltr'>umbra</span> <span class='ocrx_word' id='word_1_172' title='bbox 398 2129 540 2190; x_wconf 89' lang='lat' dir='ltr'>nominis</span> <span class='ocrx_word' id='word_1_173' title='bbox 561 2130 665 2210; x_wconf 86' lang='lat' dir='ltr'>ipsius</span> <span class='ocrx_word' id='word_1_174' title='bbox 680 2127 840 2191; x_wconf 87' lang='lat' dir='ltr'>Johannis</span> <span class='ocrx_word' id='word_1_175' title='bbox 861 2128 987 2191; x_wconf 81' lang='lat' dir='ltr'>fructus</span> <span class='ocrx_word' id='word_1_176' title='bbox 1009 2134 1044 2190; x_wconf 89' lang='lat' dir='ltr'>et</span> <span class='ocrx_word' id='word_1_177' title='bbox 1066 2134 1242 2210; x_wconf 86' lang='lat' dir='ltr'>proventus</span> <span class='ocrx_word' id='word_1_178' title='bbox 1257 2127 1408 2190; x_wconf 88' lang='lat' dir='ltr'>beneficii</span> 
     </span>
    </p>

    <p class='ocr_par' dir='ltr' id='par_1_5' title="bbox 262 2223 1409 2311">
     <span class='ocr_line' id='line_1_20' title="bbox 262 2223 1409 2311; baseline -0.001 -27"><span class='ocrx_word' id='word_1_179' title='bbox 262 2224 408 2311; x_wconf 82' lang='lat' dir='ltr'>praedicti</span> <span class='ocrx_word' id='word_1_180' title='bbox 435 2225 623 2306; x_wconf 90' lang='lat' dir='ltr'>percipiunt</span> <span class='ocrx_word' id='word_1_181' title='bbox 646 2231 682 2286; x_wconf 90' lang='lat' dir='ltr'>et</span> <span class='ocrx_word' id='word_1_182' title='bbox 706 2228 883 2306; x_wconf 89' lang='lat' dir='ltr'>asportant.</span> <span class='ocrx_word' id='word_1_183' title='bbox 928 2224 1084 2286; x_wconf 86' lang='lat' dir='ltr'>Volentes</span> <span class='ocrx_word' id='word_1_184' title='bbox 1111 2226 1222 2306; x_wconf 85' lang='lat' dir='ltr'>itaque</span> <span class='ocrx_word' id='word_1_185' title='bbox 1248 2244 1289 2286; x_wconf 88' lang='lat' dir='ltr'>ex</span> <span class='ocrx_word' id='word_1_186' title='bbox 1314 2223 1409 2285; x_wconf 88' lang='lat' dir='ltr'>officii</span> 
     </span>
    </p>

    <p class='ocr_par' dir='ltr' id='par_1_6' title="bbox 262 2319 1410 2592">
     <span class='ocr_line' id='line_1_21' title="bbox 263 2319 1410 2402; baseline 0.001 -23"><span class='ocrx_word' id='word_1_187' title='bbox 263 2320 368 2380; x_wconf 88' lang='lat' dir='ltr'>nostri</span> <span class='ocrx_word' id='word_1_188' title='bbox 383 2319 494 2381; x_wconf 90' lang='lat' dir='ltr'>debito</span> <span class='ocrx_word' id='word_1_189' title='bbox 510 2340 606 2401; x_wconf 88' lang='lat' dir='ltr'>super</span> <span class='ocrx_word' id='word_1_190' title='bbox 620 2319 686 2381; x_wconf 90' lang='lat' dir='ltr'>hiis</span> <span class='ocrx_word' id='word_1_191' title='bbox 700 2325 735 2382; x_wconf 89' lang='lat' dir='ltr'>et</span> <span class='ocrx_word' id='word_1_192' title='bbox 749 2320 944 2402; x_wconf 89' lang='lat' dir='ltr'>quibusdam</span> <span class='ocrx_word' id='word_1_193' title='bbox 959 2320 1031 2382; x_wconf 85' lang='lat' dir='ltr'>aliis</span> <span class='ocrx_word' id='word_1_194' title='bbox 1046 2323 1082 2382; x_wconf 91' lang='lat' dir='ltr'>in</span> <span class='ocrx_word' id='word_1_195' title='bbox 1096 2321 1284 2382; x_wconf 85' lang='lat' dir='ltr'>visitacione</span> <span class='ocrx_word' id='word_1_196' title='bbox 1299 2324 1410 2380; x_wconf 81' lang='lat' dir='ltr'>nostra</span> 
     </span>
     <span class='ocr_line' id='line_1_22' title="bbox 263 2413 1409 2497; baseline 0 -22"><span class='ocrx_word' id='word_1_197' title='bbox 263 2414 435 2494; x_wconf 86' lang='lat' dir='ltr'>compertis</span> <span class='ocrx_word' id='word_1_198' title='bbox 461 2415 633 2494; x_wconf 88' lang='lat' dir='ltr'>procedere</span> <span class='ocrx_word' id='word_1_199' title='bbox 659 2420 771 2477; x_wconf 86' lang='lat' dir='ltr'>contra</span> <span class='ocrx_word' id='word_1_200' title='bbox 794 2417 912 2497; x_wconf 88' lang='lat' dir='ltr'>ipsum,</span> <span class='ocrx_word' id='word_1_201' title='bbox 937 2415 1078 2478; x_wconf 86' lang='lat' dir='ltr'>eunde-m</span> <span class='ocrx_word' id='word_1_202' title='bbox 1102 2413 1286 2478; x_wconf 87' lang='lat' dir='ltr'>Johannem</span> <span class='ocrx_word' id='word_1_203' title='bbox 1313 2434 1409 2496; x_wconf 92' lang='lat' dir='ltr'>super</span> 
     </span>
     <span class='ocr_line' id='line_1_23' title="bbox 262 2507 1408 2592; baseline 0 -22"><span class='ocrx_word' id='word_1_204' title='bbox 262 2509 435 2591; x_wconf 88' lang='lat' dir='ltr'>praemissis</span> <span class='ocrx_word' id='word_1_205' title='bbox 472 2507 608 2571; x_wconf 83' lang='lat' dir='ltr'>fecimus</span> <span class='ocrx_word' id='word_1_206' title='bbox 645 2512 862 2592; x_wconf 85' lang='lat' dir='ltr'>peremptorie</span> <span class='ocrx_word' id='word_1_207' title='bbox 898 2531 1005 2572; x_wconf 90' lang='lat' dir='ltr'>coram</span> <span class='ocrx_word' id='word_1_208' title='bbox 1040 2510 1134 2572; x_wconf 91' lang='lat' dir='ltr'>nobis</span> <span class='ocrx_word' id='word_1_209' title='bbox 1170 2511 1212 2573; x_wconf 89' lang='lat' dir='ltr'>ad</span> <span class='ocrx_word' id='word_1_210' title='bbox 1244 2509 1408 2592; x_wconf 90' lang='lat' dir='ltr'>judicium</span> 
     </span>
    </p>

    <p class='ocr_par' dir='ltr' id='par_1_7' title="bbox 200 2603 1408 2875">
     <span class='ocr_line' id='line_1_24' title="bbox 200 2603 1408 2688; baseline 0 -23"><span class='ocrx_word' id='word_1_211' title='bbox 200 2614 207 2627; x_wconf 90' lang='grc'><em>·</em></span> <span class='ocrx_word' id='word_1_212' title='bbox 263 2603 399 2680; x_wconf 86' lang='lat' dir='ltr'>evocari,</span> <span class='ocrx_word' id='word_1_213' title='bbox 414 2603 501 2684; x_wconf 87' lang='lat' dir='ltr'>quod</span> <span class='ocrx_word' id='word_1_214' title='bbox 525 2604 651 2665; x_wconf 89' lang='lat' dir='ltr'>decimo</span> <span class='ocrx_word' id='word_1_215' title='bbox 672 2606 788 2688; x_wconf 88' lang='lat' dir='ltr'>quinto</span> <span class='ocrx_word' id='word_1_216' title='bbox 810 2606 864 2667; x_wconf 91' lang='lat' dir='ltr'>die</span> <span class='ocrx_word' id='word_1_217' title='bbox 885 2607 1007 2667; x_wconf 90' lang='lat' dir='ltr'>mensis</span> <span class='ocrx_word' id='word_1_218' title='bbox 1022 2605 1171 2668; x_wconf 88' lang='lat' dir='ltr'>Januarii</span> <span class='ocrx_word' id='word_1_219' title='bbox 1189 2625 1279 2685; x_wconf 89' lang='lat' dir='ltr'>prox.</span> <span class='ocrx_word' id='word_1_220' title='bbox 1296 2605 1408 2666; x_wconf 88' lang='lat' dir='ltr'>subsc·</span> 
     </span>
     <span class='ocr_line' id='line_1_25' title="bbox 263 2698 1408 2782; baseline 0.001 -22"><span class='ocrx_word' id='word_1_221' title='bbox 263 2699 396 2780; x_wconf 85' lang='lat' dir='ltr'>quentis</span> <span class='ocrx_word' id='word_1_222' title='bbox 423 2699 458 2759; x_wconf 93' lang='lat' dir='ltr'>in</span> <span class='ocrx_word' id='word_1_223' title='bbox 484 2699 621 2761; x_wconf 89' lang='lat' dir='ltr'>ecclesia</span> <span class='ocrx_word' id='word_1_224' title='bbox 645 2705 756 2761; x_wconf 88' lang='lat' dir='ltr'>nostra</span> <span class='ocrx_word' id='word_1_225' title='bbox 773 2698 958 2763; x_wconf 81' lang='lat' dir='ltr'>Cntbedrali</span> <span class='ocrx_word' id='word_1_226' title='bbox 984 2702 1078 2763; x_wconf 88' lang='lat' dir='ltr'>Beati</span> <span class='ocrx_word' id='word_1_227' title='bbox 1102 2702 1192 2764; x_wconf 90' lang='lat' dir='ltr'>Petri</span> <span class='ocrx_word' id='word_1_228' title='bbox 1215 2700 1312 2763; x_wconf 86' lang='lat' dir='ltr'>Ebor.</span> <span class='ocrx_word' id='word_1_229' title='bbox 1334 2721 1408 2782; x_wconf 90' lang='lat' dir='ltr'>per-</span> 
     </span>
     <span class='ocr_line' id='line_1_26' title="bbox 264 2793 1407 2875; baseline -0.001 -18"><span class='ocrx_word' id='word_1_230' title='bbox 264 2793 419 2857; x_wconf 85' lang='lat' dir='ltr'>sonaliter</span> <span class='ocrx_word' id='word_1_231' title='bbox 447 2799 631 2875; x_wconf 86' lang='lat' dir='ltr'>compareat</span> <span class='ocrx_word' id='word_1_232' title='bbox 652 2815 758 2856; x_wconf 90' lang='lat' dir='ltr'>coram</span> <span class='ocrx_word' id='word_1_233' title='bbox 782 2797 874 2857; x_wconf 88' lang='lat' dir='ltr'>nobis</span> <span class='ocrx_word' id='word_1_234' title='bbox 899 2796 951 2858; x_wconf 89' lang='lat' dir='ltr'>vel</span> <span class='ocrx_word' id='word_1_235' title='bbox 975 2842 984 2858; x_wconf 91' lang='lat'>.</span> <span class='ocrx_word' id='word_1_236' title='bbox 1008 2842 1016 2859; x_wconf 93' lang='lat'>.</span> <span class='ocrx_word' id='word_1_237' title='bbox 1038 2796 1266 2857; x_wconf 90' lang='lat' dir='ltr'>commissariis</span> <span class='ocrx_word' id='word_1_238' title='bbox 1288 2795 1407 2857; x_wconf 91' lang='lat' dir='ltr'>nostris</span> 
     </span>
    </p>

    <p class='ocr_par' dir='ltr' id='par_1_8' title="bbox 263 2889 1408 2972">
     <span class='ocr_line' id='line_1_27' title="bbox 263 2889 1408 2972; baseline 0.002 -22"><span class='ocrx_word' id='word_1_239' title='bbox 263 2908 359 2970; x_wconf 91' lang='lat' dir='ltr'>super</span> <span class='ocrx_word' id='word_1_240' title='bbox 381 2890 553 2970; x_wconf 85' lang='lat' dir='ltr'>praemissis</span> <span class='ocrx_word' id='word_1_241' title='bbox 576 2895 610 2951; x_wconf 88' lang='lat' dir='ltr'>et</span> <span class='ocrx_word' id='word_1_242' title='bbox 631 2889 704 2951; x_wconf 87' lang='lat' dir='ltr'>aliis</span> <span class='ocrx_word' id='word_1_243' title='bbox 726 2891 920 2972; x_wconf 90' lang='lat' dir='ltr'>quibusdam</span> <span class='ocrx_word' id='word_1_244' title='bbox 946 2891 1093 2954; x_wconf 89' lang='lat' dir='ltr'>articulis</span> <span class='ocrx_word' id='word_1_245' title='bbox 1125 2891 1265 2953; x_wconf 82' lang='lat' dir='ltr'>sulutem</span> <span class='ocrx_word' id='word_1_246' title='bbox 1290 2891 1408 2971; x_wconf 82' lang='lat' dir='ltr'>snimae</span> 
     </span>
    </p>

    <p class='ocr_par' dir='ltr' id='par_1_9' title="bbox 263 2986 1408 3165">
     <span class='ocr_line' id='line_1_28' title="bbox 263 2986 1407 3070; baseline 0 -23"><span class='ocrx_word' id='word_1_247' title='bbox 263 3005 329 3047; x_wconf 82' lang='lat' dir='ltr'>suae</span> <span class='ocrx_word' id='word_1_248' title='bbox 352 2986 628 3068; x_wconf 88' lang='lat' dir='ltr'>contingentibus,</span> <span class='ocrx_word' id='word_1_249' title='bbox 643 2987 684 3048; x_wconf 90' lang='lat' dir='ltr'>de</span> <span class='ocrx_word' id='word_1_250' title='bbox 707 2988 825 3068; x_wconf 91' lang='lat' dir='ltr'>quibus</span> <span class='ocrx_word' id='word_1_251' title='bbox 848 2989 918 3070; x_wconf 90' lang='lat' dir='ltr'>ipse</span> <span class='ocrx_word' id='word_1_252' title='bbox 940 3009 1006 3069; x_wconf 84' lang='lat' dir='ltr'>prae</span> <span class='ocrx_word' id='word_1_253' title='bbox 1028 2988 1152 3050; x_wconf 86' lang='lat' dir='ltr'>caeteris</span> <span class='ocrx_word' id='word_1_254' title='bbox 1174 2989 1267 3050; x_wconf 80' lang='lat' dir='ltr'>novit</span> <span class='ocrx_word' id='word_1_255' title='bbox 1288 2987 1407 3049; x_wconf 91' lang='lat' dir='ltr'>melius</span> 
     </span>
     <span class='ocr_line' id='line_1_29' title="bbox 263 3081 1408 3165; baseline 0.002 -23"><span class='ocrx_word' id='word_1_256' title='bbox 263 3082 444 3159; x_wconf 83' lang='lat' dir='ltr'>veritatem,</span> <span class='ocrx_word' id='word_1_257' title='bbox 459 3102 682 3164; x_wconf 87' lang='lat' dir='ltr'>responsurus,</span> <span class='ocrx_word' id='word_1_258' title='bbox 696 3104 733 3144; x_wconf 91' lang='lat' dir='ltr'>ac</span> <span class='ocrx_word' id='word_1_259' title='bbox 747 3084 788 3145; x_wconf 89' lang='lat' dir='ltr'>dc</span> <span class='ocrx_word' id='word_1_260' title='bbox 803 3085 940 3146; x_wconf 82' lang='lat' dir='ltr'>veritate</span> <span class='ocrx_word' id='word_1_261' title='bbox 963 3084 1101 3145; x_wconf 91' lang='lat' dir='ltr'>dicenda</span> <span class='ocrx_word' id='word_1_262' title='bbox 1124 3103 1219 3165; x_wconf 89' lang='lat' dir='ltr'>super</span> <span class='ocrx_word' id='word_1_263' title='bbox 1236 3081 1301 3144; x_wconf 91' lang='lat' dir='ltr'>hiis</span> <span class='ocrx_word' id='word_1_264' title='bbox 1318 3081 1408 3165; x_wconf 87' lang='lat' dir='ltr'>jura·</span> 
     </span>
    </p>

    <p class='ocr_par' dir='ltr' id='par_1_10' title="bbox 262 3177 1406 3261">
     <span class='ocr_line' id='line_1_30' title="bbox 262 3177 1406 3261; baseline 0 -22"><span class='ocrx_word' id='word_1_265' title='bbox 262 3181 367 3255; x_wconf 90' lang='lat' dir='ltr'>turus,</span> <span class='ocrx_word' id='word_1_266' title='bbox 376 3177 584 3260; x_wconf 87' lang='lat' dir='ltr'>facturusque</span> <span class='ocrx_word' id='word_1_267' title='bbox 597 3178 735 3241; x_wconf 88' lang='lat' dir='ltr'>ulterius</span> <span class='ocrx_word' id='word_1_268' title='bbox 750 3184 785 3240; x_wconf 88' lang='lat' dir='ltr'>et</span> <span class='ocrx_word' id='word_1_269' title='bbox 796 3183 986 3261; x_wconf 86' lang='lat' dir='ltr'>recepturus</span> <span class='ocrx_word' id='word_1_270' title='bbox 998 3179 1083 3260; x_wconf 91' lang='lat' dir='ltr'>qnod</span> <span class='ocrx_word' id='word_1_271' title='bbox 1095 3178 1230 3261; x_wconf 86' lang='lat' dir='ltr'>justicia</span> <span class='ocrx_word' id='word_1_272' title='bbox 1246 3177 1406 3254; x_wconf 90' lang='lat' dir='ltr'>suadebit,</span> 
     </span>
    </p>

    <p class='ocr_par' dir='ltr' id='par_1_11' title="bbox 263 3272 1406 3356">
     <span class='ocr_line' id='line_1_31' title="bbox 263 3272 1406 3356; baseline 0 -22"><span class='ocrx_word' id='word_1_273' title='bbox 263 3278 360 3354; x_wconf 88' lang='lat' dir='ltr'>prout</span> <span class='ocrx_word' id='word_1_274' title='bbox 381 3294 439 3355; x_wconf 90' lang='lat' dir='ltr'>per</span> <span class='ocrx_word' id='word_1_275' title='bbox 454 3272 601 3356; x_wconf 88' lang='lat' dir='ltr'>ejusdem</span> <span class='ocrx_word' id='word_1_276' title='bbox 624 3275 790 3336; x_wconf 87' lang='lat' dir='ltr'>citacionis</span> <span class='ocrx_word' id='word_1_277' title='bbox 813 3275 1007 3335; x_wconf 83' lang='lat' dir='ltr'>auctoritate</span> <span class='ocrx_word' id='word_1_278' title='bbox 1029 3272 1123 3336; x_wconf 80' lang='lat' dir='ltr'>faotae</span> <span class='ocrx_word' id='word_1_279' title='bbox 1145 3273 1406 3336; x_wconf 89' lang='lat' dir='ltr'>certificatorium</span> 
     </span>
    </p>

    <p class='ocr_par' dir='ltr' id='par_1_12' title="bbox 262 3367 1407 3451">
     <span class='ocr_line' id='line_1_32' title="bbox 262 3367 1407 3451; baseline -0.002 -21"><span class='ocrx_word' id='word_1_280' title='bbox 262 3368 347 3450; x_wconf 90' lang='lat' dir='ltr'>quod</span> <span class='ocrx_word' id='word_1_281' title='bbox 378 3369 467 3430; x_wconf 87' lang='lat' dir='ltr'>vobis</span> <span class='ocrx_word' id='word_1_282' title='bbox 496 3369 660 3432; x_wconf 85' lang='lat' dir='ltr'>mittimus</span> <span class='ocrx_word' id='word_1_283' title='bbox 690 3370 815 3451; x_wconf 89' lang='lat' dir='ltr'>liquere</span> <span class='ocrx_word' id='word_1_284' title='bbox 844 3371 964 3451; x_wconf 89' lang='lat' dir='ltr'>poterit</span> <span class='ocrx_word' id='word_1_285' title='bbox 990 3370 1173 3433; x_wconf 87' lang='lat' dir='ltr'>manifeste.</span> <span class='ocrx_word' id='word_1_286' title='bbox 1218 3367 1267 3431; x_wconf 86' lang='lat' dir='ltr'>De</span> <span class='ocrx_word' id='word_1_287' title='bbox 1290 3369 1407 3430; x_wconf 84' lang='lat' dir='ltr'>vestris</span> 
     </span>
    </p>

    <p class='ocr_par' dir='ltr' id='par_1_13' title="bbox 262 3463 1407 3643">
     <span class='ocr_line' id='line_1_33' title="bbox 263 3463 1407 3546; baseline 0.001 -23"><span class='ocrx_word' id='word_1_288' title='bbox 263 3463 365 3545; x_wconf 83' lang='lat' dir='ltr'>igitur</span> <span class='ocrx_word' id='word_1_289' title='bbox 388 3465 678 3544; x_wconf 88' lang='lat' dir='ltr'>circumspeccione</span> <span class='ocrx_word' id='word_1_290' title='bbox 701 3469 736 3526; x_wconf 88' lang='lat' dir='ltr'>et</span> <span class='ocrx_word' id='word_1_291' title='bbox 761 3464 924 3526; x_wconf 87' lang='lat' dir='ltr'>industria</span> <span class='ocrx_word' id='word_1_292' title='bbox 946 3465 1076 3546; x_wconf 91' lang='lat' dir='ltr'>plenius</span> <span class='ocrx_word' id='word_1_293' title='bbox 1097 3464 1295 3528; x_wconf 83' lang='lat' dir='ltr'>confidentes</span> <span class='ocrx_word' id='word_1_294' title='bbox 1318 3463 1407 3525; x_wconf 89' lang='lat' dir='ltr'>vobis</span> 
     </span>
     <span class='ocr_line' id='line_1_34' title="bbox 262 3556 1407 3643; baseline 0 -24"><span class='ocrx_word' id='word_1_295' title='bbox 262 3556 463 3638; x_wconf 88' lang='lat' dir='ltr'>conjunctim</span> <span class='ocrx_word' id='word_1_296' title='bbox 479 3564 514 3619; x_wconf 94' lang='lat' dir='ltr'>et</span> <span class='ocrx_word' id='word_1_297' title='bbox 528 3558 657 3619; x_wconf 83' lang='lat' dir='ltr'>divisim</span> <span class='ocrx_word' id='word_1_298' title='bbox 673 3560 708 3620; x_wconf 92' lang='lat' dir='ltr'>in</span> <span class='ocrx_word' id='word_1_299' title='bbox 723 3559 811 3621; x_wconf 89' lang='lat' dir='ltr'>dicto</span> <span class='ocrx_word' id='word_1_300' title='bbox 833 3563 967 3642; x_wconf 84' lang='lat' dir='ltr'>negocio</span> <span class='ocrx_word' id='word_1_301' title='bbox 988 3566 1023 3622; x_wconf 93' lang='lat' dir='ltr'>et</span> <span class='ocrx_word' id='word_1_302' title='bbox 1044 3560 1128 3623; x_wconf 92' lang='lat' dir='ltr'>illud</span> <span class='ocrx_word' id='word_1_303' title='bbox 1142 3558 1407 3643; x_wconf 80' lang='lat' dir='ltr'>contingentibus</span> 
     </span>
    </p>

    <p class='ocr_par' dir='ltr' id='par_1_14' title="bbox 263 3651 1407 3737">
     <span class='ocr_line' id='line_1_35' title="bbox 263 3651 1407 3737; baseline 0.002 -24"><span class='ocrx_word' id='word_1_304' title='bbox 263 3651 306 3714; x_wconf 85' lang='lat' dir='ltr'>ad</span> <span class='ocrx_word' id='word_1_305' title='bbox 320 3652 590 3736; x_wconf 84' lang='lat' dir='ltr'>cognoscendum,</span> <span class='ocrx_word' id='word_1_306' title='bbox 605 3653 856 3735; x_wconf 90' lang='lat' dir='ltr'>procedendum,</span> <span class='ocrx_word' id='word_1_307' title='bbox 868 3656 1160 3737; x_wconf 88' lang='lat' dir='ltr'>pronunciandum,</span> <span class='ocrx_word' id='word_1_308' title='bbox 1170 3655 1407 3729; x_wconf 88' lang='lat' dir='ltr'>diffiniendum,</span> 
     </span>
    </p>

    <p class='ocr_par' dir='ltr' id='par_1_15' title="bbox 265 3746 1408 3830">
     <span class='ocr_line' id='line_1_36' title="bbox 265 3746 1408 3830; baseline 0.001 -21"><span class='ocrx_word' id='word_1_309' title='bbox 265 3752 299 3810; x_wconf 91' lang='lat' dir='ltr'>ct</span> <span class='ocrx_word' id='word_1_310' title='bbox 315 3747 540 3828; x_wconf 85' lang='lat' dir='ltr'>exequendum</span> <span class='ocrx_word' id='word_1_311' title='bbox 556 3753 651 3828; x_wconf 92' lang='lat' dir='ltr'>prout</span> <span class='ocrx_word' id='word_1_312' title='bbox 671 3746 800 3830; x_wconf 90' lang='lat' dir='ltr'>justum</span> <span class='ocrx_word' id='word_1_313' title='bbox 815 3749 916 3813; x_wconf 86' lang='lat' dir='ltr'>fuerit</span> <span class='ocrx_word' id='word_1_314' title='bbox 931 3753 1167 3813; x_wconf 88' lang='lat' dir='ltr'>committimus</span> <span class='ocrx_word' id='word_1_315' title='bbox 1182 3752 1268 3812; x_wconf 86' lang='lat' dir='ltr'>vices</span> <span class='ocrx_word' id='word_1_316' title='bbox 1283 3754 1408 3811; x_wconf 87' lang='lat' dir='ltr'>nostras</span> 
     </span>
    </p>

    <p class='ocr_par' dir='ltr' id='par_1_16' title="bbox 264 3839 1409 3927">
     <span class='ocr_line' id='line_1_37' title="bbox 264 3839 1409 3927; baseline 0 -22"><span class='ocrx_word' id='word_1_317' title='bbox 264 3862 340 3905; x_wconf 87' lang='lat' dir='ltr'>cum</span> <span class='ocrx_word' id='word_1_318' title='bbox 377 3839 574 3904; x_wconf 90' lang='lat' dir='ltr'>cohercionis</span> <span class='ocrx_word' id='word_1_319' title='bbox 612 3845 772 3906; x_wconf 82' lang='lat' dir='ltr'>canonicae</span> <span class='ocrx_word' id='word_1_320' title='bbox 802 3849 973 3927; x_wconf 82' lang='lat' dir='ltr'>potestate.</span> <span class='ocrx_word' id='word_1_321' title='bbox 1032 3847 1156 3909; x_wconf 85' lang='lat' dir='ltr'>Valete.</span> <span class='ocrx_word' id='word_1_322' title='bbox 1216 3844 1292 3907; x_wconf 83' lang='lat' dir='ltr'>Dat.</span> <span class='ocrx_word' id='word_1_323' title='bbox 1322 3843 1409 3926; x_wconf 89' lang='lat' dir='ltr'>apud</span> 
     </span>
    </p>

    <p class='ocr_par' dir='ltr' id='par_1_17' title="bbox 264 3935 1409 4025">
     <span class='ocr_line' id='line_1_38' title="bbox 264 3935 1409 4025; baseline -0.001 -23"><span class='ocrx_word' id='word_1_324' title='bbox 264 3938 409 4014; x_wconf 84' lang='lat' dir='ltr'>Cawode,</span> <span class='ocrx_word' id='word_1_325' title='bbox 431 3935 462 4019; x_wconf 87' lang='lat' dir='ltr'>vj</span> <span class='ocrx_word' id='word_1_326' title='bbox 486 3937 536 4000; x_wconf 90' lang='lat' dir='ltr'>Id.</span> <span class='ocrx_word' id='word_1_327' title='bbox 560 3936 692 4000; x_wconf 85' lang='lat' dir='ltr'>anuar.</span> <span class='ocrx_word' id='word_1_328' title='bbox 711 3941 806 4002; x_wconf 81' lang='lat' dir='ltr'>Anno</span> <span class='ocrx_word' id='word_1_329' title='bbox 827 3943 942 4025; x_wconf 83' lang='lat' dir='ltr'>grsciae</span> <span class='ocrx_word' id='word_1_330' title='bbox 965 3942 1017 4003; x_wconf 77' lang='grc' dir='ltr'>Μο</span> <span class='ocrx_word' id='word_1_331' title='bbox 1031 3949 1099 4004; x_wconf 84' lang='lat' dir='ltr'>ccc⁰</span> <span class='ocrx_word' id='word_1_332' title='bbox 1121 3941 1257 4019; x_wconf 89' lang='lat' dir='ltr'>decimo,</span> <span class='ocrx_word' id='word_1_333' title='bbox 1273 3947 1308 4002; x_wconf 94' lang='lat' dir='ltr'>et</span> <span class='ocrx_word' id='word_1_334' title='bbox 1329 3959 1409 4022; x_wconf 93' lang='lat' dir='ltr'>pon-</span> 
     </span>
    </p>
   </div>
   <div class='ocr_carea' id='block_1_3' title="bbox 263 4033 668 4115">
    <p class='ocr_par' dir='ltr' id='par_1_18' title="bbox 263 4033 668 4115">
     <span class='ocr_line' id='line_1_39' title="bbox 263 4033 668 4115; baseline 0 -19"><span class='ocrx_word' id='word_1_335' title='bbox 263 4033 410 4097; x_wconf 87' lang='lat' dir='ltr'>tificatus</span> <span class='ocrx_word' id='word_1_336' title='bbox 425 4033 527 4093; x_wconf 90' lang='lat' dir='ltr'>nostri</span> <span class='ocrx_word' id='word_1_337' title='bbox 542 4034 668 4115; x_wconf 89' lang='lat' dir='ltr'>quinto.</span> 
     </span>
    </p>
   </div>
   <div class='ocr_carea' id='block_1_4' title="bbox 112 1069 225 1169">
    <p class='ocr_par' dir='ltr' id='par_1_19' title="bbox 112 1069 225 1169">
     <span class='ocr_line' id='line_1_40' title="bbox 112 1069 225 1169; baseline 0 0"><span class='ocrx_word' id='word_1_338' title='bbox 112 1069 225 1169; x_wconf 59' lang='grc' dir='ltr'>Νῢξῑίθ</span> 
     </span>
    </p>
   </div>
   <div class='ocr_carea' id='block_1_5' title="bbox 88 4234 1408 4326">
    <p class='ocr_par' dir='ltr' id='par_1_20' title="bbox 88 4234 1408 4326">
     <span class='ocr_line' id='line_1_41' title="bbox 88 4234 1408 4326; baseline -0.003 -21"><span class='ocrx_word' id='word_1_339' title='bbox 88 4246 147 4306; x_wconf 67' lang='lat' dir='ltr'>lto)</span> <span class='ocrx_word' id='word_1_340' title='bbox 331 4234 532 4300; x_wconf 60' lang='lat' dir='ltr'>mnsam</span> <span class='ocrx_word' id='word_1_341' title='bbox 562 4235 601 4320; x_wconf 87' lang='lat' dir='ltr'>os</span> <span class='ocrx_word' id='word_1_342' title='bbox 620 4238 862 4321; x_wconf 65' lang='lat' dir='ltr'>sequestratim</span> <span class='ocrx_word' id='word_1_343' title='bbox 885 4241 924 4326; x_wconf 74' lang='lat' dir='ltr'>of</span> <span class='ocrx_word' id='word_1_344' title='bbox 938 4240 1089 4326; x_wconf 70' lang='lat' dir='ltr'>prebebit</span> <span class='ocrx_word' id='word_1_345' title='bbox 1111 4239 1150 4324; x_wconf 87' lang='lat' dir='ltr'>os</span> <span class='ocrx_word' id='word_1_346' title='bbox 1169 4237 1292 4324; x_wconf 72' lang='lat' dir='ltr'>Thorp,</span> <span class='ocrx_word' id='word_1_347' title='bbox 1316 4236 1408 4304; x_wconf 80' lang='lat' dir='ltr'>Jobn</span> 
     </span>
    </p>
   </div>
   <div class='ocr_carea' id='block_1_6' title="bbox 85 4314 142 4353">
    <p class='ocr_par' dir='ltr' id='par_1_21' title="bbox 85 4314 142 4353">
     <span class='ocr_line' id='line_1_42' title="bbox 85 4314 142 4353; baseline 0 0"><span class='ocrx_word' id='word_1_348' title='bbox 85 4314 142 4353; x_wconf 66' lang='grc' dir='ltr'>ΛΦ.</span> 
     </span>
    </p>
   </div>
   <div class='ocr_carea' id='block_1_7' title="bbox 89 4329 1410 4494">
    <p class='ocr_par' dir='ltr' id='par_1_22' title="bbox 89 4329 1410 4494">
     <span class='ocr_line' id='line_1_43' title="bbox 89 4329 1410 4422; baseline -0.014 -9"><span class='ocrx_word' id='word_1_349' title='bbox 89 4361 201 4413; x_wconf 70' lang='lat' dir='ltr'>roro-11.</span> <span class='ocrx_word' id='word_1_350' title='bbox 263 4330 426 4399; x_wconf 61' lang='lat' dir='ltr'>Samma·</span> <span class='ocrx_word' id='word_1_351' title='bbox 448 4329 574 4413; x_wconf 69' lang='lat' dir='ltr'>bavinq</span> <span class='ocrx_word' id='word_1_352' title='bbox 596 4333 804 4400; x_wconf 70' lang='lat' dir='ltr'>undertakes</span> <span class='ocrx_word' id='word_1_353' title='bbox 822 4358 949 4422; x_wconf 81' lang='lat' dir='ltr'>proper</span> <span class='ocrx_word' id='word_1_354' title='bbox 969 4335 1104 4422; x_wconf 73' lang='lat' dir='ltr'>repaire</span> <span class='ocrx_word' id='word_1_355' title='bbox 1127 4335 1169 4419; x_wconf 69' lang='lat' dir='ltr'>by</span> <span class='ocrx_word' id='word_1_356' title='bbox 1190 4333 1244 4400; x_wconf 80' lang='lat' dir='ltr'>bis</span> <span class='ocrx_word' id='word_1_357' title='bbox 1261 4340 1410 4420; x_wconf 78' lang='lat' dir='ltr'>proctor.</span> 
     </span>
     <span class='ocr_line' id='line_1_44' title="bbox 90 4416 722 4494; baseline 0 0"><span class='ocrx_word' id='word_1_358' title='bbox 90 4416 178 4475; x_wconf 59' lang='grc' dir='ltr'>’Μ</span> <span class='ocrx_word' id='word_1_359' title='bbox 264 4428 387 4494; x_wconf 75' lang='lat' dir='ltr'>cawod.</span> <span class='ocrx_word' id='word_1_360' title='bbox 405 4429 423 4489; x_wconf 89' lang='lat'><strong>9</strong></span> <span class='ocrx_word' id='word_1_361' title='bbox 441 4428 515 4491; x_wconf 88' lang='lat' dir='ltr'>Kal.</span> <span class='ocrx_word' id='word_1_362' title='bbox 531 4428 609 4491; x_wconf 88' lang='lat' dir='ltr'>Feb.</span> <span class='ocrx_word' id='word_1_363' title='bbox 628 4433 722 4494; x_wconf 84' lang='lat'>1310.</span> 
     </span>
    </p>
   </div>
   <div class='ocr_carea' id='block_1_8' title="bbox 0 0 1500 5010">
    <p class='ocr_par' dir='ltr' id='par_1_23' title="bbox 0 0 1500 5010">
     <span class='ocr_line' id='line_1_45' title="bbox 0 0 1500 5010; baseline 0 0"><span class='ocrx_word' id='word_1_364' title='bbox 0 0 1500 5010; x_wconf 95' lang='lat' dir='ltr'> </span> 
     </span>
    </p>
   </div>
  </div>
 </body>
</html>
