2992 5010
194 327 367 380 umacus
391 327 489 380 PROM
515 328 611 380 YORK
637 327 850 393 samsima&
877 290 1069 382 suoussssr.
1307 306 1379 382 127

57 514 123 577 any
137 495 302 559 beneficed
325 498 361 559 in
383 496 441 561 the
457 518 554 574 same,
578 498 635 561 the
657 498 829 580 prebende,
852 496 909 560 the
933 517 1126 575 commarca,
1149 495 1206 559 the

58 590 168 674 clergy
183 593 247 655 and
261 593 377 675 peoplc
393 595 429 656 oi
441 592 499 656 the
513 593 670 655 aforesaid
693 595 757 655 and
773 593 809 655 oi
819 593 877 655 the
893 594 1052 676 Deanery,
1067 594 1131 655 and
1147 591 1206 654 the

58 687 235 769 Hospitals.
281 689 479 773 (Addressed
503 695 538 751 to
562 689 622 751 Ad.
647 689 688 752 de
711 686 874 767 Pothevve,
889 688 965 752 Joh.
988 689 1028 752 de
1051 689 1206 769 Thorsby,

57 782 123 845 and
138 781 213 846 Joh.
229 783 270 846 de
285 782 602 866 Waltbam-Thorp
612 784 708 867 juxta
722 784 817 846 Ebor.
834 783 852 847 7
869 784 951 846 Mar.
969 783 1082 867 1361.)

128 927 310 992 1111111110
326 926 496 1013 capellani
510 926 552 992 ia
574 927 732 992 11111111
754 927 877 992 altaris
901 928 1020 994 811111
1034 926 1207 993 Jobuuois
1232 958 1320 1018 (Μ)

60 1024 284 1107 Evangelistoe
306 1023 348 1089 io
373 1023 506 1089 ecclesia
530 1023 703 1108 collegiata
730 1024 858 1110 Ripon’
887 1025 1018 1090 nouiter
1039 1024 1206 1110 fundata.

62 1117 160 1204 (Oaw.
177 1125 218 1183 22
235 1122 317 1184 Nov.
336 1120 449 1207 1365.)

130 1266 295 1330 Universis
325 1272 445 1331 sanctae
474 1268 586 1329 matris
616 1268 769 1331 Ecclesiae
792 1269 869 1331 filiis
898 1273 1070 1352 praesentes
1098 1269 1209 1331 literas
1235 1313 1277 1373 (⁷2
1288 1312 1320 1367 v)

62 1362 269 1444 inspecturis,
299 1362 475 1442 Jobannes,
512 1365 722 1446 permissione
753 1364 872 1427 Divina
902 1366 997 1428 Ebor.
1026 1362 1209 1446 Archiepis-
1233 1347 1361 1419 111369·

62 1479 173 1541 copus,
202 1460 328 1543 Angliae
360 1462 489 1542 primas,
520 1467 554 1522 et
578 1461 761 1542 apostolicae
792 1462 876 1524 sedis
908 1462 1047 1545 legatus,
1070 1461 1209 1522 salutem
1233 1433 1338 1561 m.

61 1555 98 1616 in
118 1555 249 1617 sinceris
271 1556 474 1637 amplexibus
490 1554 674 1618 Salvatoris.
719 1558 856 1619 Noverit
878 1558 1069 1619 universitas
1092 1562 1209 1632 vestra,
1234 1529 1351 1620 errand

63 1651 149 1732 quod
164 1672 239 1712 curn
254 1652 391 1714 dilectus
409 1653 443 1713 in
458 1650 586 1713 Christo
602 1652 687 1714 lilius
709 1652 859 1714 dominus
875 1653 979 1714 David
995 1654 1035 1715 de
1057 1652 1209 1729 Wollore,
1232 1633 1385 1736 “affixa

64 1748 236 1808 canonicus
263 1748 404 1810 ecclesiae
431 1753 549 1809 nostrae
574 1748 754 1830 collegiatae
785 1748 878 1809 Reati
909 1748 1052 1810 Wilfridi
1082 1747 1210 1830 Ripou’,
1233 1749 1344 1794 Anum.

66 1841 186 1905 salubri
208 1843 325 1905 ductus
347 1845 520 1924 proposito,
535 1844 576 1905 ad
591 1842 722 1905 laudem
737 1844 798 1905 Dei
815 1851 848 1905 et
864 1846 915 1906 sui
929 1845 1037 1906 cultus
1053 1862 1209 1926 augmen-
1234 1836 1356 1941 ffi'flgrff

66 1943 139 2000 tum
165 1959 202 2000 ac
228 1940 409 2001 animarum
426 1939 576 2016 salutem,
595 1940 743 2021 quaedam
758 1946 871 2016 terras,
891 1940 1049 2015 redditus,
1069 1945 1104 2001 et
1118 1945 1211 2000 tene-
1234 1927 1347 2024 anonoi

65 2040 179 2096 menta
204 2036 240 2097 in
266 2035 343 2097 villa
369 2036 487 2118 Ripon,
513 2056 650 2117 quorum
674 2035 782 2117 aliqua
809 2036 849 2097 de
875 2036 967 2097 nobis
995 2039 1153 2097 tenentur
1175 2034 1211 2094 iu
1235 2012 1375 2116 Rrpptrpdhu

65 2132 182 2211 capite,
208 2130 360 2192 videlicet
390 2133 534 2214 quinque
566 2133 732 2213 mesnagis
758 2152 830 2213 quae
861 2131 959 2193 simul
980 2131 1092 2213 jacent
1115 2130 1150 2191 in
1180 2085 1368 2192 1111111111

65 2225 279 2303 Marketsted,
311 2229 397 2288 inter
422 2229 625 2311 mesuagium
649 2226 807 2289 Johannis
835 2227 875 2289 de
898 2227 1033 2289 Tanfeld
1059 2247 1098 2288 er
1120 2231 1212 2309 parte
1234 2188 1364 2292 appendu

65 2342 140 2398 una,
157 2328 191 2383 et
221 2324 425 2405 mesuagium
447 2323 584 2385 Walteri
607 2324 648 2385 de
677 2324 781 2385 Ledes
810 2345 849 2385 ex
878 2328 969 2405 parte
995 2323 1108 2399 altera,
1130 2323 1212 2384 item
1235 2304 1386 2423 fffflfw

65 2438 170 2480 unum
186 2419 390 2501 mesuagium
402 2419 487 2500 quod
500 2418 591 2500 jacet
606 2420 640 2481 in
653 2418 890 2502 Alhaloghgate
901 2419 997 2502 juxta
1007 2419 1211 2502 mesuagium
1237 2447 1296 2507 (73)

66 2514 199 2576 Roberti
215 2515 256 2576 de
275 2512 462 2591 Brunhows,
477 2515 558 2575 item
574 2535 678 2576 unum
693 2516 867 2598 gardinum
883 2516 968 2598 quod
987 2514 1075 2597 jacet
1089 2515 1212 2577 ibidem

61 2610 158 2692 juxta
171 2610 361 2691 praedictum
376 2610 591 2692 mesuagium,
604 2616 639 2672 et
652 2610 783 2674 abuttat
799 2632 896 2693 super
909 2611 1081 2696 gardinum
1096 2609 1212 2672 Isoldae

66 2707 198 2784 Milner,
221 2707 302 2767 item
325 2707 443 2788 viginti
475 2705 629 2767 solidatus
658 2707 804 2770 redditus
834 2713 965 2770 exeunt.
988 2707 1028 2769 de
1058 2708 1152 2768 terris
1178 2711 1213 2768 ct

67 2802 264 2864 tenementis
284 2822 356 2883 quae
372 2801 506 2862 fuerunt
530 2802 658 2863 Ricardi
674 2802 705 2863 lc
728 2800 888 2885 Shephird
911 2805 947 2865 in
962 2800 990 2865 le
1005 2800 1213 2885 Hossescire,

66 2897 100 2959 in
124 2897 242 2979 quibus
265 2897 351 2959 dicta
373 2897 481 2958 Isolda
506 2895 679 2976 inhabitat,
706 2899 787 2960 item
811 2919 865 2960 sex
888 2897 1043 2960 solidatus
1065 2897 1212 2960 redditus
1333 2967 1337 2977 Ι

67 2998 198 3055 exeunt.
225 2993 266 3054 de
289 3012 355 3053 uno
385 2993 542 3075 burgagio
571 2994 607 3054 in
630 2993 851 3077 Berfordgate,
874 2995 955 3055 item
981 2993 1116 3055 dimidia
1141 3013 1213 3054 acra
1256 3048 1267 3072 ,

64 3089 150 3171 prati
163 3089 170 3125 ¹
188 3108 259 3170 quae
270 3087 359 3169 jacet
380 3088 414 3149 in
431 3087 599 3150 Randkerr
618 3094 714 3169 prout
728 3090 762 3150 iu
778 3093 865 3149 carta
880 3088 959 3149 dicti
974 3087 1097 3150 domini
1113 3087 1212 3170 Regis
1236 3048 1361 3212 effide:

1237 3181 1249 3210 Γ

1326 3241 1346 3270 0

65 3185 194 3266 plenius
216 3185 404 3259 recitantur,
419 3184 569 3245 cantariae
585 3184 625 3245 ad
641 3183 742 3245 altare
758 3183 870 3245 Sancti
878 3183 1013 3244 Andreae
1029 3183 1064 3243 in
1079 3181 1213 3243 ecclesia
1236 3225 1326 3269 mm.

65 3282 218 3364 praedicta
251 3282 291 3343 de
316 3281 452 3342 licencia
477 3281 600 3342 domini
624 3280 724 3341 nostri
749 3279 848 3362 Regis
883 3279 1082 3360 adquisierit,
1112 3282 1146 3340 et
1176 3298 1214 3340 ea
1236 3283 1270 3387 gd
1277 3282 1351 3387 01an

67 3378 199 3440 domino
213 3375 355 3438 Johanni
372 3376 479 3456 Clynt,
499 3375 665 3457 capellano
685 3378 834 3438 cantariae
857 3375 1017 3456 praedictae
1033 3381 1068 3436 et
1090 3395 1212 3437 succes·
1237 3356 1377 3447 affront„

68 3473 191 3535 soribus
215 3473 281 3534 suis
304 3471 477 3553 capellanis
500 3471 645 3552 ejusdem
668 3471 779 3533 divina
801 3472 835 3533 in
849 3471 983 3534 ecclesia
1005 3475 1114 3533 nostra
1132 3491 1213 3552 prae·
1235 3458 1327 3577 {32⁶9

68 3569 155 3631 dicta
177 3570 219 3631 ad
249 3568 350 3630 altare
385 3567 576 3649 praedictum
602 3587 659 3649 pro
684 3569 781 3630 certis
808 3569 952 3650 personis
982 3571 1018 3630 et
1046 3567 1212 3630 animabus
1236 3575 1345 3623 eman

67 3666 308 3747 imperpetuum
339 3663 556 3738 celebraturis,
586 3665 621 3725 in
651 3662 831 3726 uberiorem
861 3664 1133 3727 sustentacionem
1160 3683 1213 3726 eo·

65 3762 203 3824 rundem
219 3760 455 3842 capellanorum
470 3780 527 3841 per
545 3780 636 3821 suam
659 3765 781 3822 cartam
801 3761 930 3822 dederit
952 3764 987 3821 et
1010 3760 1213 3837 concesserit,

66 3877 103 3918 ac
119 3857 219 3918 libere
235 3856 481 3931 confirmaverit,
496 3861 593 3935 prout
618 3855 654 3916 in
669 3861 757 3917 carta
779 3855 966 3938 hujusmodi
982 3855 1122 3917 vidimus
1144 3855 1214 3936 ple-
1291 3856 1302 3872 ⁴

65 3955 140 4015 nius
159 3952 329 4028 contineri,
345 3972 381 4012 ac
406 3971 501 4031 super
523 3949 584 4013 hoc
607 3951 701 4013 nobis
726 3950 898 4015 humiliter
921 3951 1160 4034 supplicaverit,
1175 3955 1214 4014 ut

66 4068 123 4130 pro
140 4049 313 4110 devocione
338 4067 396 4108 sua
426 4048 461 4108 in
488 4045 548 4108 hac
572 4053 663 4128 parte
690 4048 881 4126 complenda
904 4054 1047 4111 nostram
1069 4047 1110 4107 ad
1133 4068 1213 4129 prae-

67 4146 166 4206 missa
181 4143 336 4206 vellemus
363 4142 531 4203 licenciam
546 4143 717 4224 impartiri,
732 4142 799 4206 Nos
826 4143 988 4206 laudabile
1011 4143 1212 4225 propositum
1238 4180 1282 4225 We
1292 4180 1348 4236 ψ,

67 4238 192 4321 praeiati
217 4240 339 4301 domini
367 4237 469 4299 David
497 4240 531 4299 in
555 4238 694 4301 Domino
716 4239 984 4322 contemplantes,
999 4259 1034 4300 ac
1057 4237 1213 4315 volentes,
1236 4238 1376 4343 ssss'ffi'ssm

408 4365 452 4432 (1)
472 4363 530 4416 MS.
544 4363 593 4416 has
603 4364 683 4432 patri.
1236 4362 1315 4415 8¹³³&

406 4443 447 4512 (2)
464 4442 496 4495 In
511 4461 527 4496 a
539 4442 686 4496 somewhat
698 4442 767 4496 later
778 4443 858 4520 hand.
