2992 5010
586 317 794 371 Mallorum
819 316 864 369 OF
889 314 1011 368 RIPON.

226 481 312 564 quod
335 483 371 546 in
396 483 486 549 brevi
510 485 550 550 de
577 487 746 550 verisimili
768 487 895 549 ruitura
920 485 974 562 sit,
997 487 1032 545 et
1057 485 1128 543 tota
1150 482 1220 564 ipsa
1244 482 1380 545 ecclesia

225 577 415 658 collabetur,
434 583 499 645 nisi
522 584 630 646 eidem
652 585 749 646 citius
771 586 967 658 occurratur,
982 579 1106 641 incuria
1121 583 1157 640 et
1171 578 1379 662 negligencia

226 676 453 740 canonicorum
479 679 575 742 dictae
599 680 753 757 ecclesie,
776 679 833 761 qui
860 678 996 741 eandem
1018 675 1148 737 reficere
1175 680 1209 736 et
1230 695 1378 757 reparare

225 774 393 851 tenentur,
408 774 526 838 idcirco
548 796 618 854 nos,
631 774 815 838 Willelmus
834 772 929 856 clyff,
944 771 1082 834 vicarius
1104 770 1264 854 generalis
1286 775 1378 834 ante·

227 865 344 945 dictus,
361 889 400 931 ex
415 871 520 934 causis
534 871 718 953 praemissis,
729 890 841 933 omnes
857 873 893 931 et
908 867 1053 951 singulos
1069 864 1204 943 fructus,
1219 866 1378 944 redditus,

227 967 263 1025 et
284 971 459 1046 proventus
482 967 579 1030 diotae
603 966 744 1029 ecclesiae
770 965 812 1028 ad
835 964 1055 1027 communiam
1079 963 1145 1024 sive
1170 982 1377 1024 communem

227 1078 374 1122 mensam
400 1064 627 1126 canonicorum
653 1062 802 1146 ejusdem
826 1061 1030 1144 pertinentes
1056 1064 1091 1120 et
1117 1063 1313 1139 spectantes,
1336 1059 1377 1120 ad

226 1175 308 1236 opus
322 1162 358 1218 et
373 1178 469 1220 usum
491 1158 619 1223 fabrica
642 1165 677 1222 et
698 1158 910 1242 reparacionis
932 1157 1028 1219 diotae
1051 1153 1193 1217 ecclesia
1215 1162 1250 1217 et
1272 1154 1379 1217 defec-

226 1255 323 1319 tuum
339 1252 486 1335 ejusdem
509 1262 747 1339 sequestramus
762 1257 797 1317 in
812 1252 877 1318 hiis
899 1253 1037 1335 scriptis,
1052 1251 1243 1314 reservando
1264 1251 1378 1314 decem

101 1348 103 1352 ’
227 1346 325 1417 libras
354 1348 494 1432 sterling
520 1352 674 1436 magistro
704 1350 900 1416 Christofero
929 1347 1082 1432 Dragley,
1104 1348 1257 1410 canonico
1283 1348 1378 1411 dictae

228 1443 371 1508 ecclesiae
394 1453 429 1509 et
450 1448 676 1512 residenciario
697 1449 733 1510 in
756 1447 880 1524 eadem,
894 1466 952 1528 pro
974 1444 1152 1509 residencia
1174 1448 1208 1505 et
1230 1444 1378 1526 portione

229 1559 288 1604 sua
300 1540 342 1604 de
364 1542 452 1606 dicta
475 1546 659 1608 eommunia
681 1545 749 1608 sive
771 1543 955 1607 dividencia
976 1561 1034 1624 pro
1055 1539 1087 1624 vj
1112 1539 1299 1603 ebdomadis
1321 1559 1379 1601 an-

227 1639 367 1717 nuatim,
382 1660 420 1702 ac
441 1642 629 1724 quindecim
651 1642 749 1705 libras
771 1639 913 1722 stcrlcbtp
934 1660 992 1722 pro
1015 1639 1192 1701 residencia
1214 1658 1272 1700 sua
1293 1638 1379 1700 facta

227 1730 289 1798 hoc
317 1737 455 1800 instanti
484 1759 580 1818 anno,
609 1759 647 1803 ac
681 1738 835 1802 discretos
864 1737 949 1799 viros
986 1735 1156 1798 dominum
1193 1733 1378 1799 Johannem

227 1829 390 1896 Parciuall
420 1839 455 1896 et
478 1833 663 1899 Johannem
692 1820 901 1897 Bromefletbs
927 1832 1005 1894 alias
1036 1829 1162 1907 Carver,
1186 1829 1379 1912 capellanos,

227 1922 416 2009 hujusmodi
431 1931 533 1992 nostri
549 1931 707 2013 sequestri
729 1927 877 1992 custodes
892 1928 1085 2010 deputamus
1107 1945 1166 2007 per
1180 1930 1380 2007 praesentem

227 2018 406 2085 inhibendo
429 2025 586 2087 universis
608 2030 644 2087 et
666 2024 804 2109 singulis
826 2022 976 2106 ejusdem
1000 2021 1142 2084 ecclesiae
1167 2021 1328 2083 canonicis
1344 2025 1380 2082 et
1450 2098 1456 2108 .

228 2115 302 2180 aliis
327 2121 487 2182 universis
511 2121 652 2202 nequis
677 2120 718 2182 ad
744 2118 931 2202 hujusmodi
961 2116 1098 2194 fructus,
1124 2115 1283 2194 redditus,
1305 2135 1380 2197 pro-

228 2219 358 2293 sentus,
373 2215 525 2295 decimas,
541 2217 733 2295 oblaciones,
750 2221 784 2278 et
803 2222 919 2278 caetera
940 2213 1149 2277 emolimenta
1164 2212 1380 2275 ecelesiastica

228 2310 270 2372 ad
285 2314 502 2380 communiam
524 2314 713 2395 praedictam
735 2313 937 2395 pertinentes
960 2330 1075 2372 manus
1092 2309 1215 2391 aliquas
1237 2314 1380 2391 apponat

119 2411 123 2416 ’
230 2409 429 2486 temerarias,
459 2429 517 2472 seu
547 2406 734 2492 hujusmodi
763 2414 911 2473 nostrum
944 2412 1147 2490 sequestrum
1177 2405 1288 2483 violet,
1318 2405 1380 2468 sub

227 2521 323 2584 poena
332 2502 427 2586 juris.

602 2692 1006 2704 t———nnn—

125 2888 131 2899 ’
233 2887 515 2951 AROHBISHOP
529 2890 765 2953 EALDRED'S
780 2889 1060 2954 FOUNDATION
1076 2888 1129 2950 OF
1143 2888 1379 2950 PREBENDS.

232 3058 295 3128 Lol.
312 3057 384 3118 (loll.
399 3058 446 3118 ed.
463 3056 550 3131 1770,
565 3059 636 3119 Vol.
653 3058 677 3116 Ι.
690 3063 760 3138 part
772 3059 803 3124 ii.
818 3079 848 3138 p.
858 3054 935 3130 3373
955 3056 1084 3135 original
1097 3076 1125 3133 p.
1142 3053 1210 3114 434.
1245 3054 1294 3112 Ea
1307 3055 1380 3117 libro

511 3147 616 3206 incerti
634 3148 744 3206 autma‘s
757 3148 792 3206 de
805 3145 957 3225 Eps‘acops's
970 3145 1060 3204 Ebur.

293 3279 379 3340 Huic
398 3281 455 3357 (sc.
474 3281 600 3357 Kinsio)
615 3282 760 3342 successit
779 3279 934 3340 Aldredns
953 3278 1093 3359 Wigorn.
1109 3277 1277 3356 episcopus.
1318 3277 1383 3339 Hic

236 3368 273 3427 de
288 3373 370 3428 terra
389 3369 538 3446 emptitia,
555 3390 646 3445 quam
667 3390 722 3430 sna
734 3369 888 3448 probitate
908 3367 1118 3445 acquisiverat,
1139 3366 1172 3424 in
1192 3364 1325 3426 aeclesiis
1345 3367 1380 3427 S.

236 3457 322 3518 Petri
340 3457 429 3515 Ebor.
450 3463 481 3515 et
504 3456 535 3515 S.
557 3457 666 3516 Joann.
688 3458 809 3517 Bevsrl.
830 3462 862 3515 et
882 3457 914 3516 S.
935 3456 1072 3516 wilfridi
1093 3453 1131 3513 de
1155 3453 1265 3532 Ripon,
1288 3455 1381 3532 pluri·

234 3546 502 3706 mps'praepgpdas
526 3544 606 3602 fecit.
651 3544 738 3621 (This
759 3550 866 3605 estract
886 3545 989 3603 alicuid
1012 3545 1084 3603 bave
1112 3543 1179 3601 been
1200 3543 1321 3620 prirstcd
1346 3545 1381 3607 in

233 3652 266 3697 vo
282 3676 287 3688 .
304 3653 323 3690 t.
335 3653 366 3708 p.
441 3675 449 3690 .
