2992 5010
81 323 157 397 124
621 340 830 394 unuomlus
855 340 900 393 or
926 340 1044 393 anon.

81 522 110 568 dc
122 520 196 592 stqr-
258 509 432 589 Robertus,
441 510 502 573 Dei
511 509 618 594 gracia
628 508 838 573 Cicestrensis
853 510 1034 591 episcopus,
1045 509 1166 570 virtute
1179 509 1410 570 commissionis

81 594 233 699 πῂ
256 612 374 669 nostrae
398 609 433 668 in
457 604 518 668 hac
544 611 636 688 parte
661 605 722 668 sibi
745 605 838 667 saotae
862 651 870 667 .
895 650 903 667 .
927 605 1118 688 magistrum
1142 604 1343 666 Willelmum
1368 604 1408 666 de

256 701 437 784 Alberwyk‚
453 701 681 764 cancellarium
696 700 838 763 ecclesias
853 707 971 763 nostrae
980 701 1141 781 praedictae
1150 701 1191 762 ad
1202 699 1408 782 praebendam

255 797 297 860 de
313 795 499 861 Sharrhowe
514 799 551 859 in
565 796 702 858 ecclesia
710 796 836 879 Rypon'
846 796 1003 878 praedict„
1012 816 1109 877 quam
1122 796 1272 857 dominus
1281 795 1407 857 Willel-

255 912 330 955 mus
354 893 395 955 de
422 893 541 974 Feriby
567 911 672 973 nuper
697 893 844 974 optinuit
869 893 904 953 in
927 891 1051 969 eadem,
1072 912 1130 973 per
1151 892 1404 974 resignacionem

254 985 415 1053 Johannis
435 987 571 1049 Walteri
594 986 635 1048 de
657 986 788 1069 Feriby,
803 988 1016 1068 procuratoris
1032 987 1189 1068 ejusdem,
1204 989 1239 1048 in
1254 987 1404 1049 manibus

257 1083 338 1146 dicti
362 1082 554 1146 venerabilis
578 1082 681 1164 patris
706 1080 824 1143 betam
850 1102 891 1143 ex
917 1101 1012 1143 ceusu
1038 1083 1288 1163 permutationis
1310 1082 1403 1144 factae

256 1199 332 1241 cum
346 1178 470 1259 capella
480 1178 520 1240 de
532 1177 709 1259 Malerpast
719 1177 755 1238 in
766 1176 889 1258 capella
896 1177 993 1239 castri
1004 1177 1165 1261 Hastyng’
1176 1178 1184 1214 ¹
1196 1177 1404 1241 cicestrensis

134 1352 136 1356 ι
256 1274 414 1350 dioecesis,
429 1293 526 1356 quam
542 1273 630 1336 idem
644 1274 801 1356 magister
810 1273 995 1335 Willelmus
1009 1274 1099 1355 prius
1114 1275 1269 1355 optinuit,
1283 1273 1404 1335 admis-

257 1390 312 1433 sus
335 1376 387 1432 est
409 1375 444 1431 et
466 1371 501 1431 in
516 1369 630 1431 eadem
649 1370 801 1431 canonice
816 1371 1011 1445 institutus3
1033 1369 1126 1451 cujus
1141 1371 1242 1431 eciam
1258 1370 1405 1453 magistri

256 1464 415 1527 Willelmi
432 1466 620 1527 canonicam
631 1464 852 1527 obedienciam
867 1466 1048 1547 recepimus
1063 1466 1099 1526 in
1114 1462 1174 1526 hac
1189 1470 1299 1547 parte3
1316 1465 1405 1526 vobis

256 1561 448 1624 mandamus
466 1562 620 1643 quatinus
635 1561 718 1622 circa
733 1559 905 1643 praefatum
926 1562 1119 1645 magistrum
1134 1560 1337 1622 Willelmum
1354 1561 1405 1623 vel

255 1661 495 1741 procuratorem
511 1676 606 1719 suum
621 1657 693 1738 ejus
706 1657 839 1719 nomine
861 1656 999 1719 ulterius
1013 1657 1219 1740 exequamini
1242 1658 1277 1718 in
1299 1657 1404 1719 omni-

255 1752 318 1817 bus
340 1754 427 1836 quod
449 1758 501 1815 est
523 1758 678 1815 vestrum.
722 1752 815 1815 Vale.
864 1752 940 1815 Dat.
956 1752 1050 1815 Ebor.
1066 1774 1117 1815 xv.
1134 1753 1231 1816 Kaln.
1246 1752 1404 1830 Januarii,

253 1848 349 1911 Anno
364 1848 496 1911 Domini
511 1848 684 1911 millesimo
699 1848 834 1910 000³⁰xl⁰
848 1849 964 1931 primo.

302 2102 304 2107 -
417 2065 610 2121 REGISTER
627 2065 676 2122 OF
693 2065 777 2122 ABP.
796 2065 957 2134 zoticus,
967 2080 1022 2122 lu).
1036 2067 1223 2125 1342-1352.

322 2172 447 2238 Prima
476 2171 631 2238 visitacio
668 2172 817 2259 capituli
850 2173 990 2239 woicsioe
1019 2175 1153 2261 Rypon’
1181 2198 1246 2263 per
1278 2179 1400 2244 Zouch.

256 2268 388 2354 (Notice
403 2269 453 2332 lor
470 2273 509 2332 18
526 2270 608 2333 Nov.
653 2269 837 2333 Munketon
854 2272 874 2333 6
890 2272 972 2334 Nov.
991 2271 1105 2356 1344.)

308 2405 528 2562 1Foundation
558 2404 594 2468 of
628 2405 806 2486 Plumpton
837 2405 990 2491 Chantry.
1052 2409 1114 2472 See
1144 2411 1255 2490 above,
1286 2414 1349 2477 vol.
1379 2415 1402 2476 i.

256 2520 289 2584 p.
328 2504 382 2563 54.

323 2621 523 2688 Comminatio
549 2643 616 2708 pro
639 2621 859 2707 supientibus
885 2625 933 2690 act
959 2625 1217 2696 immunitatem
1238 2631 1401 2697 libertatis

255 2716 399 2802 Rypon’.
444 2716 596 2803 (Felones
620 2740 678 2782 seu
699 2741 770 2783 reos
792 2721 833 2784 de
855 2719 1040 2789 homicidio.
1085 2727 1264 2792 Addressed
1279 2734 1315 2792 to
1329 2730 1401 2793 four

160 2858 168 2881 ,
254 2814 447 2897 presbyters.
492 2814 609 2896 Ripon,
625 2819 668 2877 20
685 2815 774 2898 Sept.
792 2816 905 2904 1345.)

322 2949 467 3016 Ooilooio
491 2950 654 3015 contorioe
676 2951 718 3016 in
740 2953 868 3038 capello
890 2954 990 3040 infra
1011 2957 1209 3022 manerium
1223 2959 1398 3045 Riponioe.

254 3045 383 3132 (Refero
398 3053 432 3109 to
448 3047 649 3110 Grenefeld's
664 3048 865 3115 foundation.
912 3053 973 3116 See
989 3055 1050 3117 vol.
1067 3055 1089 3117 i.
1105 3076 1137 3138 p.
1156 3054 1229 3118 157.

321 3143 371 3206 On
387 3143 586 3225 deprivation
604 3143 640 3205 of
658 3145 757 3207 Peter
770 3146 811 3207 de
826 3146 963 3226 Burton,
979 3150 1082 3211 Adam
1104 3149 1144 3212 de
1160 3150 1355 3214 Prestewold
1370 3155 1400 3216 is

253 3239 600 3323 appointed—Ripon’,
616 3241 651 3302 in
666 3242 788 3323 capella
802 3247 999 3323 memorata',
1017 3249 1056 3308 12
1073 3245 1150 3309 Dec.
1169 3247 1282 3335 1347.)

320 3375 469 3439 Monicio
493 3377 590 3459 forto
616 3376 781 3459 mopistro
811 3377 968 3444 Joiunni
990 3380 1031 3445 de
1054 3380 1213 3447 Orattate
1236 3384 1398 3451 canonico
1424 3386 1432 3401 '

254 3469 390 3534 aetate
405 3469 531 3554 Ripon'
554 3492 593 3535 oc
612 3471 851 3558 proebenciorio
870 3475 1060 3558 proebendoe
1084 3477 1124 3541 de
1139 3478 1397 3565 Stoyneweppee,

254 3568 344 3653 quod
358 3568 503 3632 resideat
517 3569 558 3633 in
573 3569 726 3654 honestato
742 3593 804 3636 auo
818 3573 880 3637 cub
893 3595 996 3659 poeno
1004 3575 1111 3659 juris,
1128 3584 1182 3642 eto.

318 3671 420 3756 (Very
437 3673 583 3758 strongly
597 3676 790 3756 errpressed.⁹
835 3677 952 3759 Ripon,
971 3681 1011 3740 13
1027 3679 1104 3742 Dec.
1123 3680 1235 3767 1348.)

307 3807 350 3876 (1)
369 3807 427 3860 The
448 3805 556 3877 Oollege
573 3827 604 3863 or
624 3809 693 3864 Free
712 3809 815 3881 Ohapel
835 3810 867 3864 ol
885 3810 925 3866 St.
945 3812 1023 3885 Mary
1042 3814 1070 3868 in
1091 3814 1188 3871 uacuo
1208 3824 1238 3873 at
1256 3818 1397 3891 Hastings.

251 3884 359 3955 Among
389 3884 436 3936 the
466 3901 558 3939 names
582 3886 613 3939 of
639 3886 770 3958 prebende
794 3889 935 3960 occurring
958 3891 987 3944 in
1010 3891 1058 3946 the
1082 3892 1199 3966 bishops'
1221 3899 1346 3968 registers
1370 3909 1400 3954 at

251 3962 408 4018 Ohichester
428 3962 451 4016 is
472 3963 625 4036 ‘Mampsis'
645 3965 696 4019 but
716 3967 764 4021 the
785 3961 915 4022 situation
937 3968 969 4022 ol
985 3970 1039 4025 this
1058 3972 1174 4043 prebend
1196 3974 1245 4029 has
1264 3984 1315 4031 not
1332 3978 1399 4033 been

251 4043 399 4097 identified.

305 4123 348 4192 (2)
367 4121 412 4174 He
424 4120 479 4174 had
492 4138 507 4174 a
519 4121 618 4175 licence
630 4123 662 4176 ol
674 4125 786 4178 absence
799 4124 841 4178 for
852 4143 904 4180 one
916 4145 986 4198 year,
998 4130 1057 4185 Oct.
1070 4132 1114 4199 22,
1128 4132 1198 4185 1344
1211 4133 1258 4204 (fo.
1272 4135 1324 4189 291
1338 4139 1376 4205 v.)
1391 4159 1399 4207 ;

250 4201 302 4253 and
319 4201 399 4271 again
420 4200 488 4253 Mur.
511 4201 537 4266 6,
558 4201 628 4254 1359
644 4201 802 4273 (Thoresby,
814 4203 851 4259 fo.
863 4206 912 4275 44)
934 4207 1073 4280 t‘proptcr
1090 4210 1293 4268 molestacionos
1312 4220 1340 4269 et
1357 4215 1399 4269 in-

248 4279 427 4350 qrrieteciones
438 4278 600 4350 multiplices
619 4297 746 4351 perquam
763 4299 865 4351 graves,
884 4290 912 4338 et
928 4285 1038 4342 insidias
1055 4289 1213 4360 periculosas
1226 4309 1286 4364 quar
1299 4292 1350 4348 tibi
1370 4302 1398 4350 et

248 4357 304 4412 tuis
322 4376 369 4431 per
387 4356 528 4411 nonnullos
547 4364 606 4412 tuos
627 4359 738 4412 ramulos
758 4364 926 4432 satagentes:
945 4366 1018 4433 etc).
1067 4367 1113 4423 He
1132 4369 1187 4424 hed
1205 4371 1329 4442 resigned
1349 4373 1396 4429 the
1484 4393 1488 4402 ·

248 4435 333 4509 Hosp.
344 4437 375 4491 ot
384 4437 424 4490 St.
438 4437 476 4489 ll.
491 4436 528 4488 M.
543 4438 613 4506 Aug.
629 4437 670 4505 14,
685 4437 753 4492 1368
767 4439 814 4508 (t'o.
828 4440 886 4509 63).
