2992 5010
254 331 426 383 narniens
451 330 550 381 raon
575 330 672 382 roan
697 331 910 406 auersrms3
937 333 1047 384 auur.
1326 313 1399 386 147

76 497 136 561 bus
152 500 271 560 nostris
293 500 442 562 omnibus
466 500 609 562 serviciis
631 503 665 562 et
685 501 975 563 consuetudinibus
997 501 1039 563 de
1062 501 1226 583 praedictis

76 597 264 678 mesuagiis,
294 597 402 674 terris,
432 597 544 677 pratis,
575 600 610 658 et
639 595 754 675 boscis,
780 617 856 659 cum
885 598 1107 680 pertinenciis,
1133 598 1226 660 nobis

75 690 195 753 debitis
210 697 244 753 et
260 691 386 774 dejure
398 693 573 754 consuetis.
610 693 652 753 In
664 691 758 775 cujus
772 694 820 754 rei
835 693 1064 755 testimonium
1080 693 1225 776 sigillum

75 793 225 849 nostrum
240 787 378 849 fecimus
400 786 464 849 hiis
479 789 607 870 apponi.
653 789 729 851 Dat.
745 790 832 871 apud
847 787 971 867 Cawod,
986 789 1226 871 quintodecimo

75 884 129 945 die
153 885 274 946 mensis
301 884 480 960 Februarii,
506 903 592 946 anno
621 886 714 969 regui
744 885 830 968 regis
858 884 991 947 Henrici
1018 886 1127 968 quinti
1151 890 1226 968 post

75 984 298 1061 conquaestum
330 981 480 1061 septimo,
511 985 546 1042 et
575 985 693 1044 nostrae
725 981 949 1044 translacionis
987 1001 1074 1044 anno
1108 982 1225 1044 tercio·

75 1075 211 1138 decimo·

252 1311 443 1366 REGISTER
466 1311 513 1365 OF
538 1311 624 1368 ABP.
648 1312 764 1368 KEMP.
803 1327 859 1368 ab.
880 1313 1047 1369 1426-1452.
1080 1326 1084 1333 “

142 1441 326 1504 Willelmus
343 1442 465 1521 Felter,
480 1443 621 1505 decanus
637 1443 778 1505 ecclcsiae
793 1442 987 1507 cathedralis
1008 1444 1227 1523 Eboracensis,
1251 1454 1322 1515 (4⁷1)

75 1537 261 1600 Willelmus
278 1537 422 1615 Duffeld,
438 1537 680 1602 archidiaconus
696 1539 874 1603 Cliueland'
889 1541 925 1603 in
945 1540 1058 1603 eadem
1081 1541 1225 1619 ecclesia,
1250 1513 1381 1634 ffi‘ylfw‘

76 1637 111 1695 et
125 1632 291 1697 Jobannes
307 1634 475 1712 Marchall,
491 1636 526 1696 in
549 1641 687 1717 utroque
705 1635 781 1717 jure
803 1637 1004 1714 bacallarius,
1018 1638 1225 1721 registrarius
1250 1657 1376 1702 Decretum

76 1731 336 1792 reverendissimi
359 1733 393 1792 iu
413 1729 540 1794 Christo
563 1733 665 1814 patris
690 1738 725 1794 et
747 1733 883 1810 domini,
907 1733 1031 1795 domini
1054 1731 1225 1811 Johannis,
1250 1715 1380 1834 {zffifff

76 1825 139 1886 Dei
167 1828 275 1909 gracia
313 1827 524 1888 Eboraceusis
561 1825 803 1909 archiepiscopi,
836 1828 963 1911 Angliae
1000 1829 1160 1910 primatis,
1191 1835 1226 1891 et
1250 1833 1346 1892 naor.

76 1907 259 2003 apostolicae
276 1923 360 1984 sedis
383 1922 496 2005 legati,
512 1943 578 1984 una
602 1943 677 1984 cum
702 1923 766 1985 alio
789 1923 913 2006 collega
936 1929 1046 1986 nostro
1068 1944 1144 1985 cum
1166 1921 1226 1986 hac
1250 1916 1386 2021 ssffingn

75 2016 223 2079 clausula
237 2019 327 2079 vobis
344 2023 378 2080 et
392 2018 519 2080 duobus
534 2024 679 2080 vestrum
694 2019 736 2081 ad
751 2019 950 2081 visitandum
972 2019 1141 2081 ecclesiam
1160 2019 1225 2081 col·
1250 2034 1381 2093 appointed

76 2112 231 2196 legistam
247 2114 342 2175 Beati
358 2114 449 2176 Petri
465 2114 624 2196 Riponiae,
640 2120 708 2176 tam
724 2115 881 2196 incapite
897 2135 994 2197 quam
1006 2116 1042 2177 in
1056 2114 1223 2193 membris,
1249 2092 1402 2212 lyrdddaaop

75 2228 201 2270 necnon
229 2210 270 2271 ad
296 2210 528 2291 inquirendum
553 2211 593 2272 de
622 2214 711 2271 statu
734 2209 881 2294 ejusdem
908 2211 1062 2288 ecclesiia,
1085 2212 1224 2273 excessi·
1249 2209 1395 2317 mach

75 2303 211 2386 busque,
241 2306 435 2384 defectibus,
465 2311 499 2368 et
536 2306 727 2369 criminibus
756 2327 965 2389 personarum
999 2307 1157 2390 ejusdem,
1188 2328 1225 2370 ac
1250 2328 1373 2388 oraipon„

75 2403 205 2464 casdem
243 2423 394 2484 personas
428 2423 486 2485 pro
519 2400 708 2485 hujusmodi
740 2403 932 2482 defectibus,
963 2403 1156 2481 excessibus,
1190 2408 1226 2466 et

74 2498 266 2560 criminibus
290 2500 501 2582 corrigendis,
515 2499 738 2576 reformandis,
761 2506 796 2561 et
817 2500 993 2582 puniendis
1016 2500 1227 2563 commissarii

76 2595 260 2676 specialiter
275 2595 437 2677 deputati,
453 2594 582 2657 dilectis
602 2594 695 2657 nobis
719 2596 754 2657 in
770 2593 898 2658 Christo
919 2595 1061 2678 capitulo
1083 2595 1226 2657 ecclcsiae

76 2691 256 2774 collegiatae
271 2692 366 2754 Beati
382 2691 473 2753 Petri
496 2692 644 2774 Riponiae
668 2692 842 2774 praedictae,
858 2692 997 2754 salutem
1020 2694 1055 2754 in
1069 2693 1227 2762 ,omnium

77 2787 253 2851 Salvatore.

142 2884 255 2966 Nuper
271 2883 357 2966 apud
371 2904 428 2945 vos
444 2884 498 2946 die
520 2883 541 2945 J
543 2884 610 2945 ovis
625 2884 778 2946 vicesimo
792 2885 897 2966 primo
919 2884 973 2946 die
995 2884 1118 2946 mensis
1133 2885 1225 2962 Maii,
1249 2884 1368 2954 Thesar-

74 2981 170 3042 Anno
197 2981 328 3042 Domini
358 2980 530 3042 millesimo
563 2987 671 3041 cccc¹¹¹⁰
700 2981 866 3042 tricesimo
900 3000 995 3058 nono,
1025 2981 1224 3042 visitacionis
1248 2951 1387 3048 ffddldm

75 3077 216 3138 officium
232 3078 317 3138 sicut
340 3098 379 3138 ex
401 3076 549 3158 injuncto
564 3075 657 3137 nobis
678 3075 830 3138 incubuit
844 3076 947 3138 officio
962 3076 1025 3158 piis
1040 3076 1222 3138 affectubus
1247 3060 1353 3180 ffljf

75 3179 273 3249 exercentes,
290 3172 438 3254 quaedam
460 3172 542 3233 inibi
564 3177 729 3253 comperta
751 3191 823 3252 quse
843 3170 1058 3252 praesentibus
1082 3191 1148 3233 non
1172 3173 1223 3233 in·
1247 3201 1361 3250 Ma,

75 3270 222 3347 serimus,
247 3274 344 3350 prout
367 3269 518 3350 expedire
544 3267 687 3329 vidimus
710 3267 908 3329 correximus
930 3272 1010 3329 tunc
1031 3266 1166 3344 ibidem,
1187 3272 1222 3330 et
1246 3261 1398 3379 ffiffig'

73 3365 137 3426 alia
166 3366 366 3426 correccione
396 3365 495 3447 digna
524 3369 563 3426 ut
597 3363 807 3446 subsequitur
835 3362 987 3425 duximus
1024 3363 1222 3446 corrigenda,
1246 3379 1398 3426 norimus

10 3470 13 3478 '
72 3461 218 3523 volentes
243 3467 278 3522 et
301 3465 484 3522 statuentes
500 3459 586 3541 quod
611 3479 722 3521 omnes
746 3458 822 3520 libri
846 3459 952 3520 notati
967 3458 1062 3520 dictae
1077 3458 1220 3523 ecclesias
1245 3438 1354 3567 2⁰:20„

72 3557 251 3641 collegiatae
274 3557 356 3619 bene
379 3558 606 3619 examinentur
628 3575 686 3637 per
706 3558 938 3637 praecentorem
953 3553 1004 3616 vel
1027 3553 1098 3637 ejus
1113 3555 1221 3619 locum
1244 3580 1377 3628 oramen

72 3658 252 3729 tenentem,
278 3674 320 3715 ne
345 3652 407 3714 sibi
431 3654 572 3714 invicem
596 3653 780 3734 discrepent
804 3650 856 3712 vel
879 3656 1075 3735 repugnent,
1098 3656 1156 3714 aut
1184 3653 1220 3716 in
1244 3640 1398 3746 ffiffih

71 3751 158 3811 notis
172 3749 382 3811 discordent.¹
429 3749 472 3810 Et
487 3748 572 3831 quod
597 3747 803 3830 provideatur
826 3746 970 3808 ecclesiae
993 3747 1154 3829 pmdictae
1177 3751 1219 3813 de
1244 3758 1395 3805 sentences

72 3845 308 3907 sufficientibus
331 3844 480 3920 ordinali,
494 3843 690 3928 gradalibus,
706 3849 741 3904 et
762 3842 1050 3924 processionalibus
1068 3865 1140 3926 quaa
1162 3846 1220 3908 de·
1243 3821 1277 3865 ω’

71 3941 187 4002 ficiunt
212 3947 246 4002 et
264 3940 426 4002 defectiva
450 3946 528 4001 sunt
549 3941 584 4000 in
608 3938 744 4001 ecclesia
765 3937 939 4020 collegiata
956 3939 1121 4019 praedicta,
1137 3942 1220 4004 citra

69 4036 192 4098 festum
218 4034 351 4098 Paschae
377 4056 466 4117 prox.
496 4035 657 4112 futurum,
687 4032 748 4096 sub
784 4053 880 4115 poena
908 4034 1028 4117 viginti
1064 4034 1220 4100 librarum

70 4132 255 4194 elemosinae
267 4132 392 4193 domini
403 4128 635 4213 archiepiscopi
651 4129 792 4191 Ebor.in
808 4133 930 4190 eventu
945 4130 1220 4212 applicandorum.

69 4228 119 4289 De
144 4225 240 4289 choro
261 4229 363 4288 eciam
389 4232 423 4288 et
445 4226 633 4289 cantoribus
658 4224 804 4307 ejusdem
829 4224 940 4286 taliter
961 4224 1019 4288 fiat
1040 4226 1221 4311 disposicio,
1244 4230 1397 4339 {obgsffism

126 4371 168 4438 (1)
188 4369 253 4423 This
265 4387 322 4423 was
340 4386 357 4423 a
374 4368 499 4440 frequent
516 4385 609 4425 source
621 4367 653 4425 of
666 4365 774 4421 trouble
791 4372 821 4421 at
833 4366 919 4421 Yorlr.
956 4365 1006 4422 Sec
1018 4367 1066 4423 tha
1079 4368 1221 4424 ‘Detecto'

70 4451 177 4524 printed
192 4451 258 4506 with
272 4451 380 4505 Raine's
392 4450 484 4505 ‘Yorlr
496 4450 595 4505 Fabric
607 4448 701 4517 nolle*
712 4449 799 4504 undar
811 4449 890 4515 1376,
904 4448 984 4516 1400,
997 4449 1076 4516 1409,
1088 4450 1166 4507 1519.

618 4546 664 4592 n2
