2992 5010
108 272 132 346 8

107 467 187 516 totila

105 525 228 647 aaa

107 641 188 702 ivus,

507 306 513 317 ’
634 291 851 344 cinnomus
876 292 921 344 OF
947 292 1067 345 mvox.

281 462 475 538 nostrarum,
490 461 718 538 concessimus,
733 460 769 521 in
783 480 862 522 usus
878 459 958 522 dicti
973 460 1099 523 domini
1113 459 1276 539 Edwardi,
1290 481 1351 544 pro
1365 466 1435 525 tam

282 556 337 638 pio
373 554 520 639 ejusdem
557 557 719 639 proposito
755 556 974 638 promovendo
1002 556 1273 633 convertendam
1313 563 1360 637 et,
1397 565 1438 621 ut

282 650 491 715 ecclesiarum
528 653 738 715 indemnitati
775 653 1012 735 prospiceretur
1049 658 1083 714 et
1112 649 1238 730 honori,
1269 674 1313 716 ue
1350 655 1436 718 bona

282 748 471 811 earumdem
486 769 544 831 per
559 769 674 811 manus
689 748 797 825 laicas,
809 768 867 809 seu
879 748 1004 830 regales
1019 748 1197 825 ministros,
1212 749 1271 830 qui
1286 751 1434 832 improbe

281 843 365 908 forte
389 845 635 907 lasciviareutur
656 840 738 928 (arb)
756 845 792 905 in
816 843 940 906 eisdem
964 851 999 906 et
1021 864 1137 905 manus
1154 845 1371 908 extenderent
1392 847 1433 909 ad

282 941 396 1019 vetita,
434 942 470 1003 in
500 939 725 1024 praejudicium
755 938 980 1002 ecclesiasticae
1008 939 1169 1002 libertatis
1199 945 1325 1003 temere
1356 943 1435 1005 diri·

107 1045 254 1107 shrougua·
282 1041 449 1120 petentur,
471 1035 531 1099 hoc
553 1057 613 1118 pro
634 1036 778 1098 remedio
800 1035 1000 1119 providimus
1022 1056 1062 1098 ex
1083 1036 1227 1114 adverso,
1243 1038 1330 1119 quod
1346 1038 1434 1100 dicta

106 1107 210 1153 andonr

106 1165 233 1225 „mm
282 1132 437 1195 vicesima
457 1152 524 1194 non
546 1152 605 1214 per
626 1132 723 1214 ipsos,
739 1132 795 1194 sed
811 1152 868 1214 per
890 1152 949 1194 nos
972 1136 1009 1193 et
1030 1138 1158 1196 nostros
1180 1133 1361 1210 ministros,
1376 1135 1433 1218 qui

277 1227 491 1309 temperatius
500 1227 687 1311 procedent,
702 1226 737 1290 in
752 1227 866 1290 eadem
881 1226 1061 1311 colligatur.
1101 1227 1213 1291 Cesset
1225 1248 1303 1311 ergo
1319 1237 1431 1292 metus

281 1323 338 1388 ille
353 1343 520 1406 perquem
534 1323 700 1386 libertates
715 1329 836 1385 vestras
845 1328 880 1385 et
889 1324 1059 1408 privilegia
1067 1323 1189 1387 offendi
1201 1326 1434 1406 pertimescitis

281 1420 317 1483 in
332 1417 393 1481 hac
409 1424 520 1502 parte3
542 1418 660 1502 quibus
676 1420 703 1481 si
718 1419 960 1502 quomodolibet
969 1441 1027 1503 per
1037 1417 1099 1482 hoc
1110 1419 1327 1502 praejudiciari
1338 1442 1433 1504 posse

281 1515 566 1598 perpenderemus,
582 1519 701 1592 nostra,
716 1520 872 1595 tanquam
888 1514 944 1577 ille
960 1515 1053 1597 cujus
1061 1515 1272 1597 principalius
1281 1517 1433 1594 interest,

281 1610 324 1673 ad
345 1611 563 1674 resistendum
586 1630 705 1673 cornua
727 1630 828 1692 prono
853 1612 962 1674 animo
984 1613 1108 1694 erigere
1130 1631 1339 1675 curaremus:
1365 1614 1432 1692 sed,

282 1713 405 1789 quanto
420 1707 523 1791 regali
538 1705 765 1769 munificencia
779 1705 953 1788 majoribus
976 1708 1055 1769 estis
1076 1706 1284 1769 libertatibus
1307 1708 1432 1788 donati,

282 1807 377 1865 tanto
391 1803 574 1886 prompcius
588 1808 623 1866 ct
638 1801 844 1865 favorabilius
866 1823 925 1885 pro
946 1808 1016 1865 tam
1039 1803 1093 1885 pia
1114 1803 1255 1866 maxime
1278 1825 1375 1867 causa
1398 1811 1432 1867 et

280 1898 382 1982 regali
398 1904 543 1982 egestate
558 1898 740 1977 relevanda,
755 1918 870 1960 manus
882 1919 936 1960 vos
946 1899 1109 1981 porrigere
1123 1898 1218 1960 decet
1231 1898 1410 1980 adjutrices
1423 1923 1432 1977 3

281 2015 381 2078 aquo
396 2016 451 2058 vos
466 1995 606 2059 relevare
622 2016 688 2058 nou
702 2015 884 2078 possumus,
899 1994 987 2056 Deus
1004 1994 1075 2070 scit,
1091 1995 1193 2055 eciam
1209 1995 1236 2055 si
1252 1994 1432 2060 vellemus:

284 2092 341 2155 sod
358 2113 418 2155 nec
433 2093 554 2175 petitas
577 2113 598 2155 a
619 2092 709 2156 vobis
731 2090 877 2152 inducias
900 2110 1002 2171 usque
1024 2090 1202 2151 adveutum
1224 2105 1375 2154 nost-rum
1397 2093 1432 2155 in

282 2195 392 2269 partes
422 2189 494 2251 illas
519 2189 609 2251 vobis
639 2187 812 2250 concedere
843 2207 1027 2269 possumne,
1057 2206 1143 2262 cum,
1174 2185 1214 2247 ad
1243 2188 1367 2248 curiam
1397 2189 1432 2250 in

281 2283 428 2365 proximo
453 2284 623 2360 reversuri,
649 2287 756 2364 partes
781 2282 875 2343 Ebor.
900 2302 957 2363 per
983 2302 1140 2363 magnum
1162 2288 1294 2363 tempus
1317 2304 1433 2365 appro-

285 2377 442 2459 pinquare
458 2398 678 2459 nequeamus;
701 2382 736 2439 et
751 2378 921 2459 pecuniam
933 2376 1187 2458 praedictamtali
1198 2376 1433 2441 acceleracione

285 2472 395 2555 colligi
410 2478 566 2554 oporteat,
582 2474 667 2554 quod
683 2474 717 2534 in
734 2474 870 2534 instanti
886 2472 969 2534 festo
992 2472 1232 2535 Purificacionis
1255 2479 1367 2556 parata
1389 2476 1435 2538 sit

285 2589 360 2631 cum
391 2566 543 2629 thesauro
565 2568 646 2629 dicti
668 2568 791 2630 domini
814 2568 962 2629 Edwardi
985 2569 1026 2630 ad
1052 2569 1160 2650 ipsum
1188 2570 1257 2632 sine
1284 2570 1434 2634 ulteriori

285 2663 422 2747 diffugio
438 2664 698 2726 transmittenda.
736 2664 885 2746 Expedit,
902 2664 1014 2746 igitur,
1030 2669 1079 2740 ut,
1094 2663 1249 2726 iacientes
1264 2666 1306 2727 de
1322 2686 1433 2729 neces·

286 2760 383 2821 sitate
395 2758 562 2838 virtutem,
578 2779 670 2836 onus,
685 2759 771 2841 quod
786 2759 945 2821 declinare
959 2780 1024 2820 non
1041 2760 1200 2841 poteritis,
1215 2767 1383 2842 gratanter
1398 2768 1434 2825 et

284 2855 405 2936 absque
421 2875 586 2916 murmure
603 2855 755 2933 subeatis,
771 2860 810 2918 ut
823 2862 931 2938 grates
954 2855 1070 2918 saltem
1092 2855 1133 2918 de
1148 2855 1305 2921 beneficio
1327 2863 1434 2921 vestro

285 2956 446 3032 reportare
462 2951 613 3032 possitis.¹

413 3166 604 3223 REGISTER
627 3167 675 3223 OF
699 3167 784 3223 ΑΒΡ.
809 3166 1056 3223 WIOKWAINE.
1093 3182 1147 3221 un.
1168 3168 1299 3225 1279-85.

556 3282 728 3335 Carrrunnu
746 3281 890 3335 Rrrourn
907 3296 944 3335 na
962 3294 1053 3335 namo
1072 3294 1159 3334 luno.

345 3399 562 3484 willelmus)
577 3403 787 3482 permissione
798 3402 925 3479 Divina,
935 3408 997 3464 etc.
1027 3401 1156 3464 Dilecto
1165 3403 1200 3465 in
1210 3400 1339 3466 Christo
1353 3403 1432 3483 filio,

130 3558 168 3587 ov.
229 3520 235 3532 ·
286 3494 416 3556 domino
429 3496 570 3557 Antonio
586 3496 685 3571 Beck,
701 3496 851 3571 salutem,
866 3498 1017 3579 graciam,
1034 3503 1068 3558 ct
1078 3497 1351 3562 benediccionem.
1382 3501 1431 3563 De

127 3640 140 3665 ί,
159 3579 217 3672 Μ’
285 3588 458 3650 affeccione
476 3588 595 3650 celebri
611 3610 708 3671 quam
724 3610 801 3672 erga
815 3590 923 3653 Deum
938 3597 973 3654 et
987 3597 1132 3654 sanctam
1149 3614 1240 3655 suam
1256 3594 1431 3658 Ecclesiam

135 3698 197 3729 mv·
285 3689 319 3744 te
340 3681 458 3745 habere
473 3683 677 3760 confidimus,
693 3683 929 3746 exultacionem
944 3687 1038 3748 corde
1053 3688 1233 3769 gratulanti
1248 3710 1312 3752 non
1328 3690 1433 3754 modi-

129 3756 158 3840 ἵζ’
170 3775 203 3844 .’
284 3799 356 3840 cam
379 3781 584 3861 concepimus
610 3799 716 3841 coram
746 3779 824 3841 Deo.
863 3778 1028 3858 Quocirca,
1054 3783 1138 3843 circa
1161 3784 1367 3865 praebendam
1391 3787 1433 3850 de

286 3874 512 3958 Stayneveges
536 3876 570 3935 iu
594 3873 729 3943 ecclesia
749 3871 806 3958 (de
818 3871 846 3958 ²)
870 3873 995 3956 Rypon'
1017 3881 1198 3952 vacantem,
1213 3897 1271 3957 per
1286 3883 1433 3964 resigna.

283 3971 410 4030 cionem
435 3970 620 4031 Eadmundi
642 3969 683 4030 de
706 3968 922 4046 Mauudeuill,
945 3969 1007 4032 tibi
1031 3990 1106 4032 cum
1128 3990 1225 4032 onere
1248 3972 1354 4036 eidem
1377 3977 1434 4038 ad-

283 4060 426 4127 haerente
450 4070 485 4127 et
500 4085 611 4141 auexo,
627 4063 823 4127 conferimus
842 4064 968 4127 intuitu
984 4066 1138 4128 caritatis.
1184 4065 1311 4128 Valete.
1357 4070 1432 4131 Dat.

281 4162 368 4242 apud
400 4160 532 4243 scrobi,
563 4159 649 4242 xiiij⁰
678 4158 753 4222 Kal.
783 4159 953 4224 Decembr.
977 4180 1062 4224 anno
1091 4159 1299 4244 pontificatus
1328 4165 1431 4225 nostri

281 4274 400 4335 pnmo.

335 4394 378 4462 (l)
397 4392 549 4453 Priutedin
562 4391 822 4462 Rainc's‘Lettsrs,'
832 4410 858 4466 p.
872 4392 915 4448 25.
1061 4394 1104 4466 (2)
1124 4392 1321 4454 Undordottod.
