2992 5010
308 282 481 336 EXTRAGI'S
505 280 604 334 ΗΕΘΜ
629 280 726 332 YORK
751 278 963 344 REGIS'I'ERS3
989 280 1142 333 Metron.

142 452 374 534 Apostolorum
404 450 494 513 Petri
524 453 559 510 et
581 447 687 526 Pauli,
717 465 844 510 necnon
870 447 1075 511 sanctissimi
1098 446 1294 511 Confessoris

145 547 316 627 willelmi,
333 546 552 627 Omniumque
568 543 760 606 Sanctorum
774 543 901 605 meritis
916 542 1129 623 confidentes,
1143 543 1294 605 omnibus

144 641 347 725 parochianis
363 642 481 704 nostris
502 644 537 701 et
551 638 624 700 aliis
640 659 777 719 quorum
792 638 966 700 dioecesani
981 636 1066 700 hane
1084 644 1227 701 nostram
1242 640 1294 700 in·

143 738 350 821 dulgencism
375 740 481 798 ratam
507 732 692 810 habuerint,
719 733 771 796 de*
785 734 927 815 peccatis
954 735 1021 796 suis
1049 753 1124 796 vere
1146 734 1294 795 contritis

144 834 379 916 poenitentibus
405 837 441 893 et
466 828 630 907 confessis,
653 829 710 911 qui
736 828 831 912 juxta
861 827 1122 891 exhortacionem
1150 834 1293 890 nostram

144 930 332 1011 predictam
355 927 523 990 ecclesiam
544 925 758 987 relevaverint
779 926 1003 1002 memoratam,
1019 929 1054 988 et
1075 925 1117 986 ad
1140 923 1293 987 fabricam

144 1024 292 1107 ejusdem
314 1024 457 1087 ecclesiae
479 1021 629 1084 debonis
652 1020 714 1082 sibi
736 1021 841 1082 aDeo
864 1021 991 1083 collatis
1013 1039 1130 1082 manus
1144 1040 1294 1102 porrexe-

143 1121 210 1183 rint
233 1120 419 1202 adjutrices,
437 1116 651 1199 quudraginte
674 1115 745 1178 dies
767 1115 809 1178 de
831 1114 979 1198 injuncta
1002 1115 1064 1179 sibi
1085 1116 1293 1197 penitencie,

142 1215 212 1278 Deo
241 1216 395 1297 propicio,
423 1212 674 1275 misericorditer
697 1210 890 1290 relaxamus,
920 1211 1145 1295 indulgencias
1169 1231 1244 1273 vero
1272 1231 1293 1273 e

141 1310 380 1374 venerabilibus
394 1308 541 1390 patribus
556 1307 752 1389 coepiscopis
767 1308 885 1368 nostris
899 1307 993 1390 regni
1005 1307 1142 1390 Angliae,
1150 1307 1293 1390 graciam

143 1407 228 1469 sodis
237 1405 429 1488 Apostolicae
441 1408 475 1466 et
485 1403 711 1465 exconcionem
725 1422 856 1464 suorum
867 1401 1044 1465 officiarum
1054 1402 1292 1478 obtinentibus,

140 1503 182 1565 ad
197 1502 233 1564 id
247 1503 310 1563 rite
325 1520 502 1577 concessas,
511 1504 546 1560 et
560 1499 594 1559 in
610 1503 776 1579 posterum
790 1496 1022 1575 concedendas,
1033 1502 1120 1560 ratas
1135 1496 1292 1560 habentes

140 1599 262 1680 pariter
278 1600 312 1659 et
325 1600 484 1678 acceptas.
517 1595 559 1655 In
574 1594 668 1676 cujus
683 1595 730 1656 rei
741 1593 968 1656 testimonium
984 1593 1130 1677 sigillum
1144 1597 1292 1656 nostrum

142 1690 356 1774 praesentibus
380 1695 432 1752 est
453 1709 646 1772 appensum.
691 1689 766 1751 Dat.
783 1687 910 1770 Ripon',
925 1688 998 1772 iiijfi,
1013 1688 1079 1752 kal.
1094 1691 1180 1772 Aug.
1195 1691 1293 1751 Anno

141 1788 257 1870 graciae
272 1787 446 1848 millesimo
461 1791 548 1846 cccmo
563 1783 687 1865 xxviijo,
704 1789 739 1845 et
752 1790 843 1864 pont.
857 1784 960 1844 nostri
974 1782 1032 1865 rj0.

207 1882 457 1944 Memorandum
481 1881 566 1962 qnod
591 1879 613 1961 ij
640 1878 737 1940 kal'n.
754 1877 937 1959 Septembr.
958 1878 1071 1939 eodem
1095 1898 1181 1941 anno
1204 1879 1290 1960 apud
1314 1886 1419 1958 Johnde

141 1979 266 2040 Burton
281 1998 380 2059 prope
396 1975 524 2038 Beuerl’
538 1975 685 2057 praedicti
700 1975 851 2037 dominus
866 1971 1032 2035 Johannes
1046 1972 1087 2034 de
1103 1973 1240 2057 Fitlyng
1255 1979 1290 2037 et
1314 1946 1437 2051 fssffi„

141 2072 305 2137 Johannes
330 2073 371 2134 de
395 2071 524 2152 Lumby
543 2073 782 2152 praesentarunt
803 2066 961 2130 Thomam
984 2068 1025 2130 de
1041 2067 1172 2131 Ulskell
1190 2089 1288 2151 prope
1312 2062 1450 2168 <¹0Lf¹¹²gbr

140 2166 304 2230 Tadcastr'
334 2171 368 2228 et
397 2165 602 2227 Willelmum
635 2165 676 2226 de
710 2164 859 2245 Bsmeby
887 2184 983 2245 super
1012 2164 1115 2241 Done,
1145 2164 1289 2243 clericos,
1313 2135 1343 2225 :d
1359 2135 1463 2238 inbuta,

139 2264 274 2325 nuncios
298 2267 334 2324 et
358 2261 553 2323 substitutos
573 2260 721 2341 praedicti
747 2260 871 2323 domini
892 2257 1062 2336 Johannis,
1084 2260 1125 2322 ad
1147 2260 1288 2323 officium
1312 2238 1416 2343 ζ’,ξξτζω

138 2362 365 2434 memoratum,
380 2357 438 2437 qni
453 2355 576 2416 eisdem
591 2356 645 2417 die
660 2359 695 2417 et
710 2356 779 2417 loco
790 2353 954 2436 juranmt,
966 2355 1064 2416 tactis
1080 2357 1289 2435 sacrosanctis
1311 2355 1376 2414 Aug.
1387 2357 1425 2411 81.

139 2452 337 2536 Evangeliis‚
359 2451 400 2513 de
420 2449 562 2511 fideliter
581 2451 760 2512 exercendo
779 2450 863 2511 illud
887 2449 1040 2527 officium,
1056 2454 1092 2513 et
1114 2451 1200 2532 quod
1221 2471 1289 2514 non
1312 2424 1364 2460 m
1376 2415 1441 2460 Μ’

65 2630 67 2634 ³
138 2549 372 2629 praedicnbnnt,
387 2567 447 2609 nec
462 2546 599 2609 formam
621 2550 656 2610 et
677 2551 832 2611 contenta
855 2548 891 2609 in
909 2546 1026 2610 brevea
1048 2547 1173 2610 domini
1191 2547 1289 2609 aliter

140 2645 307 2706 excedent.

205 2833 400 2911 Willelmus,
408 2834 618 2914 permissione
629 2834 758 2910 Divina,
767 2834 861 2898 Ebor.
873 2831 1152 2916 Archiepiscopus‚
1159 2835 1285 2920 Angliae
1310 2841 1367 2902 (94)

139 2931 269 3011 primas,
292 2929 421 2991 dilectis
444 2928 521 2990 filiis
551 2930 694 3011 capitulo
724 2930 865 2992 eoclesiae
895 2935 1013 2992 nostrae
1043 2931 1169 3011 Rypm,
1198 2902 1462 3007 mlu-l‘ss1¹}³}f‘⁹·

138 3031 218 3101 tem,
243 3025 395 3108 graciam,
426 3029 461 3085 et
489 3024 764 3087 benediccionem.
821 3023 903 3088 (lum
932 3024 1003 3106 jem
1027 3024 1284 3087 intellexerimus
1309 3042 1414 3089 Maca

137 3120 223 3203 quod
246 3138 357 3181 omnes
378 3123 413 3180 et
436 3113 571 3202 singule}
594 3119 772 3201 praebendae
798 3119 893 3181 dictae
916 3117 1058 3181 ecclesiae
1083 3124 1200 3180 nostrae
1219 3121 1286 3182 sint
1309 3108 1424 3205 m„

139 3215 358 3291 sacerdotales
378 3218 412 3275 et
432 3214 579 3277 ordinem
604 3216 774 3297 requirunt
797 3213 1037 3290 sacerdotalem,
1061 3213 1151 3274 etin
1173 3214 1285 3276 ordine
1312 3216 1464 3323 {mg-'4⁶¹‘

139 3309 325 3371 sacerdotali
348 3309 504 3371 constitui
526 3309 658 3387 debent,
681 3314 717 3372 et
737 3314 901 3386 tenentur,
924 3313 960 3370 et
981 3308 1022 3370 ab
1043 3308 1178 3390 antiquo
1192 3312 1286 3370 tene-
1310 3355 1358 3403 Μ

138 3405 268 3482 bantur,
283 3405 468 3486 quicunque
482 3405 627 3466 canonici
642 3404 783 3467 ecclesiae
798 3409 994 3481 memoratae,
1007 3408 1042 3465 et
1057 3403 1102 3464 sic
1113 3402 1285 3467 obtentum
1309 3371 1450 3486 rhoffi·

139 3506 190 3563 est
214 3506 248 3562 et
274 3501 381 3562 fuerat
405 3501 439 3561 in
466 3501 600 3562 ecclesie
620 3501 773 3582 praedicta
797 3521 817 3563 e
840 3505 985 3582 tempore
1011 3503 1047 3562 et
1074 3520 1132 3582 per
1155 3504 1286 3583 tempus
1309 3474 1429 3581 fflffss,

139 3595 233 3676 cujus
255 3596 406 3658 contrarii
430 3597 584 3658 memoria
606 3616 672 3658 non
695 3597 816 3674 existit,
831 3597 945 3659 audito
966 3600 1002 3659 et
1017 3596 1186 3659 intellecto
1199 3597 1285 3678 quod
1309 3593 1442 3651 “lm

138 3690 290 3752 dominus
305 3687 445 3751 Thomas
463 3691 504 3753 de
528 3691 699 3770 Sabandia,
714 3692 771 3773 qui
787 3711 821 3754 se
837 3692 918 3754 dicit
932 3692 1124 3754 canonicum
1139 3689 1284 3773 ejusdem
1308 3650 1412 3770 Q?
1422 3653 1449 3700 οἱ

138 3786 281 3847 ecclesiae
311 3791 427 3847 nostrae
458 3791 492 3848 et
522 3787 778 3868 praebendarium
806 3787 987 3869 praebendae
1016 3786 1057 3848 de
1078 3784 1229 3868 Nunvvyk
1249 3787 1284 3847 in
1308 3768 1430 3873 hm?

138 3881 251 3942 eadem
267 3880 388 3961 absque
403 3902 499 3944 causa
513 3882 674 3967 legitima,
689 3887 725 3946 et
739 3883 828 3945 omni
839 3883 1074 3965 impedimento
1087 3885 1235 3945 cessante
1250 3901 1284 3944 se
1308 3897 1391 3943 onon,
1402 3886 1447 3931 δυ

137 3979 283 4040 nondum
306 3976 386 4039 fecit
415 3997 474 4040 nec
500 3980 684 4060 procuravit
707 3979 748 4041 ad
774 3979 901 4043 ordines
931 3999 1011 4060 quos
1034 3978 1172 4059 requirit
1196 3978 1285 4041 dicta
1308 3943 1450 4049 qpffisxn

136 4072 318 4155 praebenda,
345 4093 405 4135 nec
434 4074 475 4136 ad
505 4074 629 4156 aliquos
660 4095 763 4137 sacros
792 4076 921 4137 ordines
951 4074 1142 4157 promoveri,
1173 4079 1286 4136 contre

136 4170 305 4231 canonicas
337 4170 530 4247 sancciones‚
555 4174 689 4248 statuta,
720 4170 899 4254 privilegis,
930 4190 988 4233 sen
1017 4168 1285 4232 consuetudinem

137 4264 279 4327 ecclesiae
294 4264 481 4346 praelibate,
495 4266 531 4328 in
552 4267 669 4328 animae
685 4286 751 4329 suae
773 4265 953 4348 pericnlum
968 4271 1004 4328 et
1018 4265 1155 4328 aliorum
1177 4264 1286 4345 perni-

137 4361 260 4422 ciosum
278 4360 474 4442 exemplum.
519 4361 563 4424 Et
584 4381 781 4444 quemquam
802 4363 911 4445 ipsum
933 4361 1103 4425 dominum
1126 4358 1284 4422 Thomam

687 4471 739 4519 112
