2992 5010
647 320 856 375 nuncnunc
880 321 925 375 OF
951 321 1070 375 RIPON.

284 494 391 555 lorum
406 512 543 573 qnorum
559 492 708 566 interest,
723 509 779 571 per
794 510 852 551 nos
873 491 1060 571 acceptatis,
1079 491 1264 571 vocatisque
1288 491 1323 552 in
1339 488 1440 552 forma

279 588 364 671 juris
380 587 530 649 omnibus
546 606 685 669 qnorum
700 586 848 662 interest,
864 590 898 646 et
913 605 992 665 quos
1008 587 1181 666 negocium
1197 587 1372 668 contingit,
1383 587 1439 666 qui

284 685 320 746 in
343 681 404 744 hoc
427 702 503 744 casu
525 681 566 743 de
587 680 662 762 jure
686 701 743 743 seu
766 680 1001 742 consuetudine
1027 679 1150 741 fuerint
1177 680 1341 756 evocandi,
1365 700 1439 741 con·

285 776 491 839 currentibus
520 777 623 839 eciam
653 776 804 838 omnibus
834 779 869 836 et
900 774 1037 857 singulis
1059 773 1143 855 juris
1174 775 1372 855 solempniis,
1404 782 1438 836 et

109 896 243 956 memes
283 872 430 935 articulis
452 872 641 934 necessariis
664 873 700 933 in
726 869 786 932 hac
809 874 901 952 parte
923 870 1099 951 requisitis,
1122 870 1272 931 invocata
1296 870 1437 950 Spiritus

108 955 262 1073 ἔξω
286 966 395 1031 Sancti
410 968 526 1051 gracia,
542 967 736 1028 auctoritate
751 970 862 1028 nostra
877 965 1047 1041 ordinaria,
1060 964 1101 1025 de
1113 984 1274 1026 consensu
1289 985 1437 1045 expresso

109 1071 182 1130 hang
191 1070 228 1116 rn-
285 1062 447 1125 dictorum
462 1062 687 1124 canonicorum
710 1067 745 1123 et
767 1066 1022 1142 procuratorum,
1037 1060 1233 1137 ordinamus,
1249 1061 1436 1138 statuimus,

110 1129 241 1247 ffl'ff
285 1161 321 1221 et
335 1143 551 1234 decernimus,
566 1177 602 1218 ac
617 1158 721 1219 eciam
735 1157 915 1218 diffinimus
929 1156 1079 1237 praesenti
1096 1160 1206 1217 nostra
1221 1155 1436 1233 ordinacione,

109 1258 239 1364 ffito
284 1254 519 1316 constitucione
535 1251 587 1314 vel
602 1256 726 1325 statuto
741 1251 984 1333 imperpetuum
998 1250 1147 1327 valituro,
1163 1250 1248 1330 quod
1270 1251 1435 1330 porciones

109 1362 191 1420 aare
283 1346 498 1429 infrascriptae
513 1346 665 1428 deinceps
681 1347 842 1409 canonicis
851 1347 887 1407 in
898 1346 986 1407 dicta
996 1345 1129 1406 ecclesia
1139 1350 1247 1406 nostra
1258 1344 1436 1426 Riponensi

283 1442 423 1504 residere
440 1441 635 1517 volentibus,
651 1445 774 1504 etcum
790 1439 912 1504 effectu
932 1439 1159 1515 residentibus,
1176 1444 1210 1500 et
1225 1440 1328 1520 ipsam
1345 1461 1435 1501 suam

282 1537 504 1615 residenciam,
514 1538 549 1598 in
565 1536 667 1598 torma
682 1536 862 1618 subscripta
872 1533 1119 1617 complentibus,
1132 1535 1259 1616 integre
1269 1536 1436 1618 assignen-

287 1636 352 1709 tur,
368 1652 448 1714 quos
464 1633 511 1694 eis
526 1633 629 1694 eciam
643 1633 855 1714 assignamus.

108 1752 197 1810 huda
350 1725 522 1806 Videlicet,
532 1732 636 1805 terrae,
644 1733 748 1810 prata,
757 1727 915 1804 redditus,
927 1730 962 1789 et
977 1727 1110 1787 servicia
1125 1746 1200 1788 cum
1212 1726 1434 1806 pertinenciis,

109 1811 259 1916 ffiffid
284 1822 418 1884 decimae
433 1822 602 1906 garbarum
618 1827 652 1884 et
666 1822 745 1885 ioeni
759 1822 800 1885 de
815 1822 903 1884 Nidd
919 1827 954 1884 et
969 1820 1175 1903 Granteleye,
1190 1841 1265 1883 cum
1279 1823 1433 1903 pensione

105 1927 236 1988 armuey,
284 1937 326 1978 xx
342 1916 398 1980 sol.
414 1917 524 1980 debita
546 1938 605 1999 per
629 1919 782 1979 vicarium
805 1918 846 1979 de
872 1917 972 1994 Nidd,
988 1922 1023 1979 et
1044 1915 1229 1999 jurisdiccic
1255 1917 1432 1997 spiritualis

110 1987 240 2091 ”ffssffi
284 2032 359 2075 cum
375 2013 515 2095 proficuo
530 2013 688 2095 ejusdem,
703 2033 775 2094 quae
791 2013 929 2097 singulis
944 2014 1037 2074 annis
1046 2033 1105 2094 per
1119 2012 1256 2093 aequales
1267 2013 1432 2092 porciones

110 2117 130 2148 '⁷
150 2103 189 2207 9¹2
215 2161 227 2207 f
285 2107 386 2169 dividi
400 2114 633 2171 consueverant
647 2109 733 2170 inter
756 2108 989 2190 praebendarios
1012 2108 1221 2189 supradictos.
1265 2108 1309 2168 Et
1324 2111 1432 2168 totum

127 2174 215 2278 'ills
284 2203 417 2285 insuper
431 2203 626 2288 altaragium
648 2204 754 2265 tocius
776 2203 936 2265 libertatis
952 2208 986 2265 et
1008 2201 1166 2284 parochiae
1181 2202 1275 2263 dictae
1292 2202 1433 2263 ecclesiae

109 2277 255 2394 gfflp'ffi
285 2302 403 2359 nostrae
419 2297 624 2378 Riponensis‚
639 2317 841 2379 quocumque
857 2299 988 2359 nomine
1004 2302 1183 2373 censeatur,
1199 2297 1340 2376 exceptis
1350 2297 1434 2358 dun-

284 2397 374 2453 arat
389 2392 525 2453 decimis
551 2392 633 2453 lanae
655 2412 823 2474 agnorum,
838 2398 905 2454 tam
928 2393 963 2453 in
980 2393 1084 2473 specie
1111 2411 1208 2472 qnam
1232 2392 1267 2451 in
1294 2391 1433 2452 denariis

284 2487 389 2547 tocius
398 2484 558 2567 parochiae
567 2491 753 2548 memoratae
765 2507 836 2568 quae
847 2486 982 2568 singulis
992 2485 1221 2567 praebendariis
1235 2491 1432 2562 remaneant,

284 2581 369 2642 sicut
399 2582 499 2660 prius,
530 2581 625 2642 salvis
649 2582 751 2642 eciam
782 2586 817 2642 et
839 2581 982 2663 exceptis
1009 2579 1226 2661 praebendario
1251 2580 1431 2659 praebendae

284 2673 324 2736 de
356 2673 535 2736 Monketcn
574 2695 646 2756 quae
676 2675 764 2737 idem
793 2674 1032 2757 prebendarius
1061 2675 1227 2756 percipere
1260 2676 1430 2736 consuevit

283 2769 409 2830 racione
425 2769 579 2830 custodiae
594 2769 689 2831 dictae
705 2769 847 2831 ecclesiae
861 2768 1079 2847 thesaurariae,
1095 2774 1130 2830 et
1144 2768 1280 2831 aliorum
1294 2789 1429 2831 onerum

285 2862 347 2924 sibi
362 2863 626 2925 incumbencium
642 2864 682 2925 ab
697 2866 842 2946 antiquo.

109 2979 231 3026 Thema.
351 2956 546 3019 Ordinamus
562 2959 675 3036 eciam,
690 2960 776 3040 quod
798 2959 907 3021 omnia
923 2963 957 3021 et
983 2957 1113 3042 singula
1136 2957 1176 3019 ad
1199 2957 1320 3019 dictam
1343 2979 1431 3019 corn·

108 3039 235 3144 {2⁰30de
284 3072 418 3114 mnnam
441 3054 642 3134 pertinencia
659 3054 725 3115 sint
739 3053 781 3116 ab
796 3056 886 3116 omni
909 3055 1118 3136 preestacione
1141 3053 1286 3130 decimae,
1303 3058 1337 3116 et
1358 3056 1431 3116 aliis

109 3156 237 3202 tine-rree
284 3149 434 3210 oneribus
450 3149 709 3232 quibuscunque,
722 3152 865 3233 exceptis
879 3148 943 3211 hiis
953 3170 1026 3232 quaa
1035 3149 1193 3211 ministris
1205 3148 1345 3210 ecelesiae
1354 3171 1431 3211 con-

284 3249 455 3306 sueverant
477 3247 644 3329 assignari,
659 3245 761 3308 libera
783 3251 817 3307 et
839 3246 1018 3320 immunia3
1042 3244 1166 3306 scilicet
1188 3263 1226 3305 ea
1247 3245 1356 3305 omnia
1371 3247 1430 3309 sub

283 3342 449 3402 taxaeione
465 3341 667 3422 singularum
682 3341 925 3421 prebendarum
941 3344 1130 3402 remaneant
1146 3341 1231 3401 sicut
1247 3341 1347 3421 prius.

111 3459 224 3506 sesama
350 3435 562 3496 Reservamus
578 3437 679 3496 eciam
694 3436 787 3497 nobis
802 3441 837 3497 et
852 3436 1087 3497 successoribus
1102 3436 1220 3496 nostris
1234 3440 1430 3516 potestatem

109 3518 195 3564 “⁰⁰³⁰
283 3531 465 3608 porcionem
480 3549 576 3610 quam
592 3530 698 3591 dictus
721 3530 958 3610 praebendarius
980 3531 1020 3592 de
1035 3528 1215 3591 Monketon
1237 3531 1375 3612 percipit
1397 3537 1431 3593 et

109 3577 194 3621 favour
203 3575 230 3620 οἰ

109 3635 216 3750 ἓξὲξ),
225 3692 251 3738 os
283 3625 439 3705 agnoscit,
456 3630 489 3684 et
503 3626 667 3705 percipere
682 3644 719 3684 ac
734 3645 907 3706 agnoscere
922 3626 1135 3702 consueverit,
1155 3625 1280 3687 racione
1296 3646 1430 3688 onerum

109 3750 233 3796 Monkton.
283 3719 508 3799 praedictorum
527 3719 599 3795 sibi,
615 3725 654 3780 ut
677 3719 872 3799 praedicitur,
888 3720 1151 3782 incumbencium
1175 3721 1210 3780 in
1235 3740 1272 3781 ec
1299 3727 1430 3798 eventu,

282 3834 357 3874 cum
372 3815 464 3875 nobis
481 3834 538 3875 seu
562 3815 796 3877 successoribus
818 3816 936 3876 nostris
959 3816 1107 3898 legitime
1129 3817 1313 3877 constiterit
1327 3817 1429 3898 ipsam

283 3929 352 3969 esse
377 3928 442 3968 non
470 3908 684 3970 sufficientem
709 3930 767 3990 pro
790 3909 887 3971 dictis
910 3911 1061 3973 oneribus
1086 3911 1324 3991 supportandis,
1347 3931 1429 3994 aug·

283 4004 461 4065 mentandi.

108 4115 191 4185 naurs
201 4120 226 4162 to
350 4097 542 4160 Ordinamus
558 4100 700 4182 insuper,
715 4101 802 4181 quod
818 4103 930 4165 salaria
945 4108 980 4164 et
1003 4101 1166 4184 stipendia
1181 4102 1372 4162 vicariorum
1395 4107 1429 4162 et

109 4173 259 4278 lgssffidcffi
282 4194 417 4255 aliorum
433 4195 653 4257 ministrorum
669 4197 811 4260 ecclesiae
825 4200 997 4280 praedictae,
1014 4197 1152 4280 singulis
1167 4197 1270 4272 annis,
1286 4196 1326 4257 de
1342 4216 1429 4257 com·

107 4291 247 4394 ἒὲὣξξὲᾒέ
283 4308 383 4349 muna
406 4289 580 4367 solvantur,
597 4296 631 4353 et
646 4292 730 4373 quod
754 4295 897 4356 canonici
914 4294 1093 4356 residentes
1108 4291 1271 4353 resideant
1294 4290 1429 4373 singulis

107 4405 236 4453 aeae
282 4384 375 4445 annis
412 4406 470 4465 per
499 4386 541 4467 xij
571 4388 775 4469 septimanas,
806 4392 960 4452 continue
990 4389 1042 4452 vel
1071 4386 1303 4467 interpolatim,
1331 4391 1429 4466 prout
