2992 5010
255 314 428 367 suanacas
454 314 552 367 raou
578 313 674 364 roas
701 312 915 378 asorsrsas3
943 312 1096 366 ustrou.
1354 292 1425 366 117

96 483 330 564 acquietamus,
361 482 567 558 absolvimus,
591 481 741 563 quietum
769 485 803 543 et
829 481 1015 544 absolutum
1042 481 1248 543 concedimus

96 597 154 659 per
179 584 365 660 praesentes.
421 579 460 639 In
484 577 578 660 cujus
603 578 650 639 rei
674 577 901 639 testimonium
929 578 1073 661 sigillum
1100 582 1247 638 nostrum

95 676 309 756 praesentibus
325 680 376 737 est
391 694 580 757 appensum.
627 674 701 734 Dat.
720 674 807 755 apud
824 672 967 751 Cawode,
981 673 1012 755 xj
1032 672 1138 736 Kal'n.
1154 673 1246 747 Maii,

95 771 189 832 Anno
205 772 335 833 Domini
351 771 526 833 millesimo
541 768 750 850 ccc⁰¹⁰xxxvij,
766 775 801 831 et
815 774 906 850 pont.
922 771 1025 832 nostri
1040 774 1126 832 xxm.

161 921 410 982 Memorandum
432 920 518 1002 qnod
541 919 605 1000 xvj.
629 917 725 980 Kal’n
741 919 763 981 J
765 917 836 995 ulii,
851 919 947 981 Anno
962 919 1095 981 Domini
1110 924 1246 981 m⁰ccc¹⁰⁰
1269 921 1390 1029 fflw

94 1017 258 1078 tricesimo
296 1017 446 1099 septimo,
480 1014 567 1097 apud
596 1013 712 1092 Welle,
747 1013 899 1076 dominus
935 1016 1076 1077 contulit
1113 1015 1244 1076 domino
1269 1038 1332 1086 June
1343 1042 1378 1088 16.

94 1109 251 1173 Nicholao
266 1111 306 1173 de
323 1110 470 1193 Kirkeby
486 1109 662 1192 capellano,
678 1109 835 1191 capellam
851 1110 960 1172 Beatae
976 1110 1088 1171 Mariae
1098 1109 1243 1193 Virginis
1271 1130 1368 1179 cavam

94 1206 221 1289 Ripon‘,
234 1212 268 1269 et
283 1208 441 1269 concessit
456 1206 518 1268 sibi
533 1207 701 1267 licenciam
716 1206 940 1287 prosternendi
956 1204 1082 1268 arbores
1097 1206 1132 1267 in
1148 1206 1242 1266 cimi·
1267 1191 1357 1297 ῗζζξ

93 1304 176 1365 terio
198 1304 296 1365 dictae
318 1303 448 1384 capellae
469 1302 665 1364 crescentes¹
685 1302 726 1363 ad
748 1300 928 1364 aedificand.
943 1323 1001 1385 pro
1018 1322 1050 1364 se
1066 1306 1101 1364 et
1117 1321 1241 1364 succes·
1268 1309 1367 1381 Μᾳνῐρ,

94 1400 218 1462 soribus
234 1401 300 1461 suis
316 1399 438 1461 ibidem
454 1400 662 1460 mansionem.
1265 1367 1378 1490 m?

157 1547 353 1622 Willelmus,
378 1554 440 1610 etc.
463 1546 592 1609 dilectis
615 1546 691 1608 liliis
713 1546 856 1628 capitulo
879 1547 1021 1610 ecclesiae
1043 1552 1160 1609 nostrae
1175 1547 1241 1610 col·
1267 1552 1373 1659 (439»)όέ

91 1643 220 1727 legiatae
241 1643 368 1726 Ripon’‚
386 1644 535 1719 salutem,
550 1644 702 1727 graciam,
725 1649 760 1705 et
783 1642 1055 1706 benediccionem.
1101 1644 1142 1705 In
1164 1643 1241 1706 oleri
1266 1614 1395 1730 &sbi

91 1744 125 1800 et
139 1739 253 1821 populi
267 1740 337 1823 agit
358 1747 526 1821 stuporem
548 1740 669 1820 patrati
692 1739 839 1800 criminis
861 1739 1077 1816 immensitas,
1094 1760 1132 1801 ex
1147 1740 1240 1821 cujus
1265 1752 1379 1827 Escae..

90 1836 260 1897 atrocitate
275 1836 393 1897 merito
416 1834 548 1916 querela
563 1839 674 1895 nostra
696 1836 864 1916 consurgit
887 1840 921 1896 et
944 1835 1083 1897 infertur
1098 1834 1241 1897 acerbior
1259 1828 1417 1931 fimi„

90 1931 138 1992 vis
165 1930 293 1993 doloris.
320 1932 464 1992 Audiant
491 1929 551 1991 filii
577 1929 751 1992 clamorem
778 1932 879 2011 patris
904 1935 939 1992 et
964 1932 1102 2012 suspiria
1128 1931 1240 1992 matris
1258 1931 1380 2034 sgss‘pm

91 2027 244 2104 ecclesiae,
269 2027 458 2110 intelligant
484 2027 638 2103 universi,
668 2046 704 2088 ao
734 2046 790 2108 per
816 2027 998 2089 devocionis
1024 2025 1178 2089 affectum
1204 2029 1237 2089 in
1265 2004 1391 2107 amm

89 2122 181 2184 illata
196 2123 316 2205 injuria
332 2124 479 2185 sanciant
495 2123 642 2183 unanimi
658 2123 877 2203 compassione
888 2129 1094 2205 puncturam.
1140 2121 1240 2185 Casus
1262 2108 1378 2211 mam

90 2218 223 2299 quidem
238 2217 365 2300 injuriae
381 2218 513 2279 emersit
527 2217 644 2298 gravis,
660 2215 745 2278 facto
769 2215 896 2294 flebilis,
912 2219 1059 2299 cogitatu
1074 2217 1238 2297 terribilis,
1264 2224 1393 2271 lob-nm

89 2311 251 2375 horribilis
260 2315 386 2390 auditu,
397 2310 679 2395 nephandissimus
691 2316 777 2389 actu,
789 2312 1006 2374 destestabilis
1016 2310 1097 2399 (cic)
1109 2314 1239 2392 scelere,
1264 2284 1416 2391 ffissiffl

88 2409 283 2471 inmanitate
303 2409 533 2491 nequissimus,
548 2408 617 2469 Deo
639 2407 794 2470 nimirum
817 2405 1064 2471 abhominabilis
1082 2414 1117 2472 et
1131 2407 1238 2473 homi·
1264 2402 1291 2447 a
1303 2402 1392 2451 Μ·

89 2505 184 2568 uibus
200 2506 340 2567 odiosus.

155 2602 239 2664 Saue
255 2603 315 2663 viri
339 2603 537 2683 sanguinum
560 2600 769 2682 quamplures
790 2601 918 2679 armati,
940 2601 1044 2664 Belial
1066 2601 1136 2681 filii,
1152 2605 1239 2685 pacis
1264 2608 1333 2656 Some
1342 2624 1397 2682 pom

87 2698 208 2771 aemuli,
231 2718 296 2760 non
326 2695 483 2759 habentes
513 2697 664 2759 timorem
687 2697 820 2758 Domini
850 2698 902 2760 vel
923 2718 1076 2775 amorem,
1101 2720 1238 2782 quorum
1263 2667 1374 2716 “Md

87 2792 278 2875 ignorantur
300 2794 432 2855 nomina
455 2798 490 2854 ct
513 2812 665 2874 personae,
689 2793 871 2854 manerium
895 2799 1042 2856 nostrum
1065 2794 1181 2876 Ripon’
1199 2800 1238 2857 ut

86 2888 201 2968 perfidi
224 2887 375 2951 Sathanae
399 2888 556 2950 satellites
577 2878 681 2970 nuper
696 2893 854 2949 nocturno
870 2893 1016 2970 tempore
1031 2890 1237 2969 invadentes,

87 2982 170 3046 fores
194 2989 227 3045 et
245 2983 364 3066 januas
394 2984 541 3066 ejusdem
564 2982 743 3066 fregerunt,
767 2988 801 3044 et
830 2983 917 3044 ultra
944 2986 1114 3067 progressi,
1144 2987 1239 3064 ostia,
1259 3002 1322 3050 heva

88 3085 197 3141 vectes
227 3079 355 3157 ferreos,
380 3078 545 3156 cathenas,
571 3082 606 3140 et
631 3098 714 3139 seras
738 3079 871 3139 carceris
895 3080 997 3139 nostri
1020 3077 1104 3140 infra
1130 3087 1238 3162 scepta
1260 3061 1412 3180 Bssssssffl'

88 3176 229 3238 ecclesiae
246 3177 361 3259 Ripon’
371 3182 406 3238 et
420 3177 489 3238 loca
507 3196 594 3237 sacra
610 3175 766 3258 ejusdem,
777 3175 816 3235 ad
833 3174 1020 3236 clericorum
1035 3176 1237 3240 irretitorum
1393 3156 1401 3178 ⁹

89 3272 278 3334 criminibus
293 3278 327 3334 et
343 3273 584 3334 diffamatorum
601 3270 694 3332 nobis
708 3290 766 3351 per
777 3269 976 3352 justiciarios
991 3270 1117 3332 domini
1132 3274 1236 3335 nostri

88 3366 188 3450 Regis
202 3368 409 3431 liberatorum
419 3367 599 3429 custodiam
612 3364 795 3447 specialiter
804 3365 962 3445 deputati,
972 3386 1047 3427 cum
1060 3367 1236 3445 securibus,
1258 3389 1318 3435 with
1328 3403 1395 3448 axa,

87 3464 234 3541 celtibus,
247 3464 414 3539 martellis,
425 3468 458 3524 et
473 3463 545 3524 aliis
560 3461 786 3522 instrumentis
802 3459 913 3522 ferreis
925 3466 959 3523 et
974 3461 1092 3544 ligneis
1107 3465 1236 3546 impetu
1257 3448 1412 3567 {ffigfd

86 3562 319 3637 contriverunt,
343 3566 377 3622 et
395 3559 553 3621 violencia
577 3557 730 3640 sacrilega
752 3558 970 3639 disruperunt,
985 3557 1169 3622 Johannem
1192 3561 1236 3624 de
1257 3583 1353 3630 acrae.

86 3654 250 3737 Mauneby
265 3661 299 3718 et
322 3655 500 3718 Robertum
523 3654 564 3716 de
587 3652 697 3717 Seton'
711 3657 746 3715 et
768 3653 847 3715 alios
870 3654 999 3716 clericos
1024 3656 1235 3720 incarceratos
1257 3642 1353 3703 ΨΜ]

1257 3701 1374 3763 releasing

84 3751 207 3813 ibidem
229 3772 324 3832 super
346 3750 513 3812 homicidii
534 3751 669 3812 crimine
693 3753 728 3810 et
750 3748 823 3810 aliis
846 3748 981 3833 flagiciis
996 3749 1140 3814 infamiae
1155 3758 1234 3815 nota
1255 3758 1400 3818 imprimes

83 3867 255 3927 respersos,
282 3852 398 3928 praeter
422 3852 457 3908 et
480 3851 590 3908 contra
605 3844 807 3906 voluntatem
834 3850 976 3907 nostram
1003 3851 1038 3908 et
1060 3848 1232 3912 custodum
1254 3818 1359 3937 gigig„

83 3941 163 4003 dicti
201 3943 344 4017 carceris,
376 3946 531 4023 ceperunt
566 3945 601 4002 et
631 3959 713 4000 ausu
745 3937 900 4021 nephario
929 3941 1144 4021 abduxerunt,
1175 3965 1232 4007 seu
1254 3936 1406 4042 gffl‘iffl·

82 4030 187 4110 mptis
211 4029 421 4111 compedibus
445 4034 478 4091 et
502 4027 618 4090 vinclis
643 4026 777 4089 evadere
803 4033 837 4089 et
861 4027 973 4110 fugere
1003 4032 1232 4111 permiserunt,
1253 4053 1323 4121 aaa

82 4145 196 4208 resque
213 4127 316 4188 varias
331 4126 453 4188 ibidem
469 4128 740 4205 consumpserunt
763 4129 798 4185 et
821 4122 956 4186 subdole
977 4133 1231 4206 contractarunt,
1253 4125 1344 4170 aime,

81 4221 313 4306 libertatesque
329 4223 469 4285 ecclesiae
485 4226 602 4284 nostra
618 4220 712 4283 Ebor.
730 4225 764 4283 et
779 4217 850 4303 ejus
861 4219 937 4304 jura
951 4224 1183 4305 perturbarunt
1197 4231 1233 4287 et

138 4358 181 4424 (1)
200 4357 266 4411 This
278 4356 399 4427 requirad
418 4372 435 4409 a
451 4354 562 4422 licence,
575 4372 605 4408 as
622 4354 730 4424 cutting
741 4354 824 4407 down
843 4362 912 4410 trees
930 4355 957 4409 ia
974 4356 1158 4429 oburobyards
1175 4356 1230 4411 had

82 4435 156 4488 often
170 4437 235 4489 been
249 4435 398 4489 forbidden.
435 4433 485 4488 See
497 4432 591 4498 above,
603 4432 656 4488 vol.
669 4432 686 4486 i.
700 4450 726 4503 p.
740 4432 782 4487 76.
