2992 5010
608 309 817 363 molamus
842 310 887 361 Oll
912 310 1033 363 RlPOb'.

247 478 418 561 capitulari
431 480 536 563 primo
552 480 606 542 die
621 481 741 542 mensis
757 479 778 543 J
779 479 862 559 unii,
877 480 971 542 Anno
985 480 1118 542 Domini
1133 481 1320 561 Millesimo,
1335 487 1400 545 etc.

247 574 343 638 lxxv?

68 681 186 729 Ratiflcs-
313 671 399 747 Quas
421 674 554 754 quidem
576 674 688 736 literas
714 678 750 735 et
776 678 932 735 contenta
955 675 990 735 in
1015 675 1137 736 eisdem
1164 695 1223 736 nos
1245 675 1283 737 A.
1306 674 1402 736 Ebor·

68 741 222 861 ffiffi?
245 764 502 851 archiepiscopus
523 770 738 852 supradictus,
752 766 866 832 habito
879 771 970 852 prius
985 790 1060 832 cum
1070 769 1284 852 juris-peritis
1306 790 1403 851 super

244 865 418 946 praemissis
432 869 573 928 tractatu
587 885 624 927 ac
639 865 874 928 deliberacione
896 865 1046 948 pleniori,
1060 866 1271 945 ratificamus,
1286 887 1402 948 appro-

244 958 370 1037 bamus,
379 966 414 1022 et
424 966 587 1042 quantum
601 962 637 1023 in
651 960 746 1023 nobis
755 966 927 1024 esttenore
938 962 1152 1044 praesencium
1163 961 1401 1045 confirmamus,

241 1055 328 1139 jure,
338 1054 581 1139 jurisdiecione,
596 1057 771 1141 dignitate,
782 1077 820 1119 ac
831 1057 984 1120 libertate
991 1057 1077 1140 juris
1087 1064 1121 1120 et
1131 1058 1272 1120 ecclesiae
1284 1064 1401 1120 nostrae

245 1150 342 1214 Ebcr.
357 1153 393 1214 in
408 1151 561 1214 omnihus
577 1173 705 1235 semper
720 1152 826 1216 salvis.

313 1248 354 1310 In
376 1248 470 1331 cujus
491 1249 540 1311 rei
565 1250 794 1311 testimonium
825 1249 971 1334 sigillum
993 1254 1143 1311 nostrum
1171 1249 1307 1312 fecimus
1335 1248 1400 1312 hiis

246 1343 375 1426 apponi.
421 1343 495 1406 Dat.
512 1344 545 1407 in
561 1346 706 1407 manerio
717 1351 828 1407 nostro
842 1346 928 1427 apud
945 1343 1067 1423 Cawod,
1080 1350 1195 1427 quarto
1210 1345 1263 1407 die
1278 1347 1399 1408 mensis

247 1440 378 1522 Aprilis,
401 1441 497 1503 rinno
518 1441 652 1504 Domini
673 1440 851 1503 Millesimo
873 1447 962 1504 ccc¹'¹⁰
983 1441 1038 1503 lxx
1058 1442 1209 1524 septimo,
1225 1446 1260 1503 et
1280 1449 1398 1504 nostrae

247 1537 498 1600 consecracionis
513 1539 624 1600 tercio.

72 1712 101 1773 (a
110 1712 147 1773 v.)
313 1703 505 1781 Alexander,
519 1709 582 1768 etc.
598 1703 718 1767 dilecto
732 1704 800 1768 filio
815 1706 948 1768 domino
963 1705 984 1769 J
986 1703 1106 1768 ohanni
1122 1704 1228 1787 Clynt,
1243 1710 1399 1787 perpetuo

70 1770 202 1880 ῒῶιῗπ
247 1798 413 1882 capellano
427 1801 576 1864 canturire
591 1801 633 1864 ad
647 1800 747 1865 altare
763 1800 874 1865 Sancti
895 1802 1032 1864 Andreas
1053 1802 1200 1884 Apostoli
1215 1802 1250 1862 in
1266 1801 1400 1863 ecclesia

76 1912 188 1985 guam·
247 1894 419 1981 collegiata
433 1896 559 1979 Ripon',
575 1897 725 1975 salutem,
740 1899 892 1983 graciam,
908 1901 943 1960 et
957 1897 1231 1960 benediccionem.
1273 1898 1400 1960 Literas

70 1970 214 2092 w
247 1990 339 2055 bouae
360 1994 524 2055 memoriae
546 1993 671 2056 domini
695 1991 855 2057 Johannis
868 1993 911 2055 de
927 1990 1102 2075 Thoresby,
1117 1993 1299 2055 immediati
1315 2014 1397 2075 prae-

64 2090 188 2162 swtw
246 2088 420 2152 decessoris
442 2089 556 2167 nostri,
579 2090 683 2172 ipsius
710 2089 818 2173 sigillo
847 2090 991 2173 signatas
1011 2089 1224 2171 inspeximus,
1250 2094 1397 2152 tenorem

71 2149 193 2254 Ὗ*
246 2186 304 2267 qui
319 2187 465 2267 sequitur
478 2205 537 2267 per
551 2187 659 2248 omnia
673 2185 900 2248 continentes.¹

68 2324 200 2443 mom
313 2278 510 2358 ‘lohannes
534 2281 744 2362 permissione
774 2281 903 2358 Divina,
928 2285 992 2342 etc.
1018 2280 1139 2343 dilecto
1168 2281 1235 2341 filio
1265 2280 1398 2344 domino

70 2400 222 2560 mi·
246 2372 389 2532 {alblind
405 2375 901 2551 itttltillrllittl
914 2376 1396 2553 tltitttlttitl}

245 2566 397 2649 graciam,
428 2571 464 2626 et
492 2564 764 2627 benediccionem.
809 2565 904 2627 Licet
940 2567 975 2627 in
1013 2566 1217 2627 ordinacione
1246 2568 1396 2626 cantaria

70 2675 224 2747 maora
246 2660 407 2742 praedrctae
440 2666 528 2721 mter
559 2660 624 2721 alra
645 2666 861 2737 contmeatur,
891 2661 977 2742 quod
1006 2664 1046 2722 tu
1075 2681 1134 2742 pro
1163 2665 1308 2741 ternpore
1338 2665 1397 2721 tuo

70 2739 223 2805 mauce
246 2755 397 2833 tenearis,
447 2759 482 2817 et
527 2754 667 2836 quilibet
710 2754 841 2818 futurus
886 2776 1047 2819 successor
1091 2763 1168 2818 tuus
1213 2755 1397 2837 capellanus

65 2806 225 2911 m
247 2850 397 2912 mutarim
417 2851 578 2932 praedictae
601 2851 658 2932 qui
680 2871 739 2934 pro
762 2857 907 2934 tempore
930 2853 994 2914 erit
1013 2857 1164 2915 teneatur
1189 2851 1399 2934 personaliter

70 2916 158 3039 {aas
246 2946 404 3009 interesse
444 2946 581 3031 singulis
619 2945 707 3010 horis
748 2948 909 3009 canonicis
946 2948 983 3009 in
1021 2945 1118 3009 choro
1157 2948 1253 3010 dictae
1295 2948 1397 3009 eccle-

65 3044 187 3146 11⁰ssst
248 3042 303 3105 siae
339 3048 457 3105 nostrae
495 3041 707 3122 celebrandis,
740 3064 779 3106 ac
811 3043 914 3106 eciam
951 3043 1207 3125 processionibus
1240 3045 1275 3105 in
1308 3043 1397 3105 dicta

71 3166 222 3230 mhbphop
248 3138 383 3200 ecclesia
411 3138 566 3201 faciendis
596 3141 631 3202 in
662 3137 779 3202 habitu
809 3139 893 3202 sicut
930 3140 1040 3201 caeteri
1075 3140 1218 3201 ministri
1255 3139 1396 3202 ecclesias

71 3226 213 3331 psomuys
247 3235 421 3316 praedictae,
445 3241 481 3298 et
503 3236 544 3299 ad
574 3237 608 3298 id
639 3236 824 3299 faciendum
849 3234 1076 3318 juramentum
1103 3236 1297 3318 praestiteras
1327 3258 1396 3298 cor-

72 3300 214 3430 xxo,
247 3332 354 3413 porale
373 3332 470 3414 juxta
495 3332 632 3394 formam
657 3332 871 3395 ordinacionis
893 3333 1074 3414 praedictae3
1097 3331 1165 3393 Nos
1180 3338 1301 3409 tamen,
1320 3352 1396 3395 con-

72 3386 210 3498 resudat
247 3427 424 3489 siderantes
443 3428 528 3509 quod
546 3434 585 3490 tu
603 3449 661 3509 per
680 3429 823 3490 diutinos
845 3427 970 3489 labores
992 3434 1065 3490 tuos
1087 3432 1123 3490 et
1144 3428 1337 3490 industriam
1359 3430 1394 3490 in

71 3489 178 3546 mm*
247 3519 308 3582 hac
323 3529 415 3603 parte
431 3523 594 3603 appositos
617 3523 739 3584 dictam
761 3523 937 3585 cantariam
959 3525 1163 3606 augmentari
1184 3544 1250 3586 non
1272 3524 1395 3586 medio·

85 3664 134 3709 ,St
247 3619 344 3679 criter
359 3619 534 3699 procurasti
551 3624 585 3679 et
601 3617 717 3693 fecisti,
734 3624 768 3681 et
782 3619 822 3681 ad
838 3616 898 3679 hoc
918 3624 1022 3680 certas
1043 3619 1154 3681 domos
1174 3626 1395 3702 competentes

71 3678 196 3768 instar
248 3719 283 3774 et
297 3711 449 3774 honestas
463 3734 521 3794 pro
535 3711 773 3775 inhabitacione
789 3712 946 3795 capellani
969 3713 1064 3775 dictae
1087 3716 1247 3793 cautariae,
1262 3717 1318 3797 qui
1338 3736 1396 3798 pro

71 3783 191 3897 ξζὲῃὲξζά
247 3814 393 3889 tempore
419 3811 490 3885 erit,
506 3811 574 3870 tuis
597 3810 725 3892 magnis
749 3807 933 3890 sumptibus
958 3814 992 3870 et
1019 3811 1166 3890 expensis
1191 3813 1328 3892 propriis
1354 3812 1395 3874 de

72 3900 161 4002 ’θᾞῢθ
173 3913 199 3945 ³⁸
248 3925 330 3965 novo
345 3906 487 3965 construi
504 3909 537 3965 et
552 3905 700 3966 aedilicari
721 3904 839 3982 fecisti,
855 3911 891 3965 et
905 3910 1021 3985 praeter
1036 3902 1104 3966 haec
1119 3905 1212 3968 nobis
1235 3907 1269 3968 in
1292 3907 1396 3969 officio

72 3971 175 4086 iliram
248 4000 433 4080 Receptoris
445 4001 547 4061 nostri
560 3999 677 4082 Ripon’
685 4021 743 4082 per
753 4000 850 4083 longa
859 4005 1004 4081 tempora
1010 3999 1137 4083 jugiter
1149 4009 1182 4063 et
1190 4000 1397 4065 laudabiliter

72 4089 181 4132 reserves,
247 4095 438 4170 deservisti3
467 4102 502 4157 et
529 4095 673 4157 volentes
699 4101 853 4178 praeterea
876 4102 1014 4177 optentu
1040 4098 1277 4177 praemissorum
1299 4103 1396 4180 prout

246 4192 383 4275 dignum
413 4192 605 4252 arbitramur
634 4191 695 4253 tibi
725 4192 865 4274 graciam
895 4191 998 4254 iacere
1028 4193 1211 4274 specialem,
1240 4200 1280 4255 ut
1309 4193 1395 4256 horis

71 4308 207 4355 helsum
247 4289 407 4349 canonicis
423 4289 455 4349 in
472 4289 559 4350 dicto
580 4285 674 4350 choro
694 4288 881 4370 psallendis,
899 4287 952 4349 vel
971 4289 1226 4370 processionibus
1248 4291 1283 4351 in
1306 4290 1394 4352 dicta

323 4423 364 4491 (l)
382 4423 438 4477 Tho
450 4422 548 4477 Fditor
559 4423 607 4476 has
619 4429 668 4476 not
680 4423 762 4476 found
775 4422 831 4476 this
843 4422 946 4477 licsncc
958 4423 987 4476 in
999 4423 1158 4495 Thoresby’s
1170 4423 1302 4493 Register.
