2992 5010
172 325 345 380 manners
371 322 469 378 saon
494 322 591 376 roan
616 321 829 391 ancrsrms3
854 324 1135 407 senariorum.
1336 307 1408 379 123

110 522 113 527 ¹
147 496 311 571 ‘Quarum
340 495 532 557 auctoritate
557 495 736 571 literarum,
758 493 825 556 Nos
855 493 995 557 decanus
1027 494 1231 577 supradictus
1256 503 1379 562 AJuryn

80 613 177 675 super
188 592 359 673 praemissis
371 590 516 652 articulis
528 590 678 653 omnibus
691 595 725 652 et
738 589 874 673 singulis
885 610 943 671 per
954 590 1038 652 viros
1050 589 1232 674 fidedignos
1257 562 1355 619 formed,

75 689 202 773 juratos
218 693 252 749 et
269 688 466 749 examinatos
481 687 517 747 in
532 686 683 748 omnibus
705 690 739 747 et
760 706 819 767 per
840 686 949 748 omnia
964 687 1133 747 veritatem
1156 686 1232 748 dili-

80 792 196 868 genter
218 784 456 865 inquisivimus,
479 783 631 845 videlicet
653 803 711 864 per
733 781 917 844 Johannem
940 779 1133 860 Shirewood‚
1154 783 1231 845 Ric-

80 880 194 941 ardum
210 879 251 941 de
267 878 416 955 Tanfeld,
431 878 595 961 Rogerum
607 878 648 939 de
660 875 857 955 Clotberom‚
873 875 1057 939 Johannem
1072 877 1230 962 Frankysr,

80 974 262 1040 Johannem
286 974 396 1057 Skayf,
411 972 615 1057 Alalghgate,
635 973 838 1036 Willelmum
861 974 903 1036 de
926 973 1044 1036 Sancto
1066 972 1230 1053 Jobanne,

80 1072 283 1134 Willelmum
307 1071 348 1133 de
371 1069 572 1147 Hauercroft,
589 1069 729 1131 Alanum
756 1070 911 1148 Gotsone,
931 1069 1105 1132 Ricardum
1126 1070 1230 1152 Shep-

80 1165 172 1245 herd,
189 1167 355 1229 Serlonem
371 1166 513 1245 Walker,
531 1174 565 1229 et
580 1165 763 1228 Johannem
778 1166 926 1228 Testiler.

132 1262 230 1337 '‘Qui
246 1263 362 1325 dicunt
378 1283 436 1345 per
447 1262 672 1344 juramentum
688 1282 783 1324 suum
797 1263 980 1344 praestitum
996 1262 1230 1346 quodquidam
1257 1272 1373 1337 wnony

80 1357 230 1435 Thomas,
246 1357 340 1420 Ebor.
363 1357 632 1440 archiepiscopus,
647 1358 739 1420 dedit
760 1355 914 1440 hospitali
937 1359 1048 1422 Sancti
1071 1359 1230 1424 Johannis
1255 1335 1361 1440 tqhhffm„

80 1454 121 1517 de
144 1453 261 1536 Ripon’
284 1453 515 1535 Sontallerwyk
536 1452 739 1530 Hauercroft,
754 1473 852 1535 quam
872 1455 1006 1536 quidem
1022 1454 1230 1519 donacionem
1256 1451 1409 1556 quammu-

79 1551 212 1632 quidam
228 1549 430 1612 Thurstanus
445 1569 606 1611 successor
622 1568 699 1610 suus
715 1549 928 1612 confirmavit.
973 1551 1021 1612 De
1033 1551 1231 1615 aliisfunda-¹
1256 1512 1402 1629 rbisspgl'va

79 1646 204 1708 toribus
219 1648 406 1708 nescierunt
420 1645 591 1726 deponere.
636 1644 760 1706 Dicunt
774 1647 876 1707 eciam
896 1647 982 1729 quod
1001 1649 1170 1729 pertinent
1189 1649 1230 1711 ad
1255 1627 1410 1733 tfiffstfflff'

80 1742 206 1804 dictum
233 1741 393 1823 hospitale
419 1762 471 1802 res
497 1740 700 1822 temporales,
727 1740 880 1802 videlicet
906 1743 1142 1825 quinquaginta
1166 1765 1229 1806 acr.
1255 1700 1403 1859 ᾓὲἓέῑὲῗ·

80 1843 174 1900 terrae
196 1839 230 1899 in
253 1858 366 1919 campo
389 1843 423 1898 et
445 1837 608 1898 territorio
629 1836 669 1897 de
693 1835 847 1917 Stodelay
868 1842 902 1898 et
923 1834 1129 1919 Bisshopton,
1144 1840 1230 1921 apud
1256 1862 1409 1919 savereron,

80 1934 237 2010 Eueston,
263 1933 338 2014 iiij⁰r
364 1953 426 1993 acr.
457 1939 549 1993 terrae
573 1930 659 2011 apud
683 1930 827 2013 Stanley,
849 1932 956 2013 xxiiij⁰
983 1953 1045 1995 acr.
1068 1939 1172 2011 terrae,
1194 1935 1230 1995 in
1255 1921 1377 2026 'T'ffim

30 2070 33 2075 -
79 2050 193 2111 campo
224 2029 341 2110 Ripon,
371 2028 514 2110 quinque
545 2046 607 2087 acr.
638 2031 733 2087 terrae
762 2027 803 2089 de
833 2025 951 2109 quibus
980 2028 1075 2090 terris
1105 2029 1230 2090 dictum
1255 2039 1391 2108 confirmed,

81 2124 240 2207 hospitale
271 2125 420 2186 dotatum
454 2128 504 2184 est
533 2142 591 2204 per
620 2122 832 2184 donacionem
861 2124 1059 2187 diversorum
1094 2147 1230 2209 quorum
1255 2097 1370 2202 iffi?

80 2223 213 2282 nomina
230 2221 333 2302 jurati
357 2220 488 2300 penitus
510 2220 672 2302 ignorant,
696 2225 730 2281 et
753 2219 792 2280 de
816 2220 881 2281 illis
904 2221 998 2282 terris
1021 2228 1128 2284 custos
1151 2223 1231 2286 dicti
1256 2214 1375 2262 evidence.

80 2314 248 2398 hospitalis
269 2317 325 2377 dat
347 2316 497 2377 decimae.
542 2315 791 2377 Dicunteciam
813 2316 899 2396 quod
922 2317 1048 2378 dictum
1071 2316 1231 2399 hospitale

79 2415 150 2495 regi
167 2417 274 2493 potest
288 2417 357 2473 tam
373 2431 431 2491 per
440 2411 568 2486 laicum,
581 2410 757 2472 dummodo
768 2417 919 2474 uxoratus
929 2432 992 2473 non
1004 2411 1121 2492 fuerat,
1134 2435 1231 2497 quam

79 2529 139 2590 per
157 2507 320 2569 clericum.
368 2507 412 2567 Et
435 2508 480 2567 sic
497 2526 554 2587 per
576 2506 696 2568 laicum
719 2527 784 2568 non
807 2514 978 2569 uxoratum
1000 2505 1167 2593 hucusque
1191 2531 1232 2575 ex

80 2605 253 2666 collacione
269 2601 592 2683 Archiepiscoporum
607 2603 702 2664 Ebor.
711 2604 782 2685 regi
791 2605 961 2665 consuevit
972 2604 1058 2666 unde
1074 2607 1231 2668 memoria

79 2720 145 2762 non
169 2701 289 2761 extitit.
336 2698 482 2773 Qualiter
504 2707 538 2758 et
560 2716 624 2778 quo
646 2699 742 2760 modo
764 2699 833 2780 regi
857 2698 984 2776 debeat,
1008 2700 1123 2763 dicunt
1144 2703 1231 2783 quod

82 2816 178 2878 super
202 2794 263 2857 hoc
288 2797 476 2856 nescierunt
506 2794 677 2874 deponere.
723 2793 846 2855 Dicunt
876 2796 977 2856 eciam
1007 2797 1094 2878 quod
1123 2804 1231 2861 custos

80 2892 160 2953 dicti
188 2890 356 2972 hospitalis
381 2890 518 2971 percipit
542 2890 677 2951 terciam
704 2888 836 2972 garbam
861 2889 902 2951 de
928 2891 971 2973 vij
1000 2895 1098 2954 certis
1122 2892 1231 2957 slata

81 2987 166 3068 apud
182 2986 369 3063 Whitcliff',
389 3005 454 3046 non
477 2991 588 3046 utres
610 2985 779 3062 decimata,
803 2989 853 3045 set
875 2991 914 3045 ut
936 3005 987 3046 res
1010 2986 1231 3051 elemosinata.

80 3083 192 3144 Eciam
207 3083 289 3144 dicit
303 3079 385 3166 (sic)
401 3080 485 3163 quod
504 3079 602 3142 nullae
624 3100 675 3141 res
699 3079 882 3160 spirituales
905 3099 964 3140 nec
987 3079 1166 3143 oblaciones
1188 3081 1230 3144 ad

80 3178 206 3239 dictum
218 3176 376 3258 hospitale
386 3176 553 3257 pertinent
568 3178 608 3235 ut
623 3175 740 3235 sciunt.
786 3174 884 3235 Plura
894 3173 947 3235 vel
958 3174 1020 3235 alio
1030 3176 1124 3238 modo
1134 3197 1231 3260 super

80 3275 252 3356 praemissis
268 3272 413 3332 articulis
433 3272 621 3332 nescierunt
643 3270 814 3350 deponere.
859 3271 900 3330 In
923 3290 1059 3352 quorum
1081 3275 1228 3335 omnium

79 3370 306 3430 testimonium
329 3366 474 3450 sigillum
493 3365 589 3426 officii
607 3365 710 3425 nostri
731 3365 944 3445 praesentibus
966 3371 1017 3427 est
1038 3387 1228 3449 appensum.

80 3464 154 3526 Dat.
178 3463 306 3545 Ripon',
321 3463 436 3543 quinto
459 3461 538 3522 Idus
560 3460 654 3522 Julii.
669 3460 764 3521 Anno
780 3459 912 3521 Domini
927 3460 977 3522 M⁰
991 3467 1079 3523 cccmo
1093 3463 1229 3545 quadra·
1254 3478 1284 3526 Bi
1316 3494 1340 3539 n,

79 3562 204 3644 gesimo
220 3559 344 3641 primo.’
1253 3538 1313 3646 {ny
1320 3542 1386 3650 1¹}st

146 3657 186 3718 In
210 3656 302 3737 cujus
325 3654 538 3736 inspeccionis
560 3653 787 3715 testimonium
810 3653 954 3737 sigillum
978 3660 1124 3717 nostrum
1147 3678 1229 3739 pras-

80 3750 226 3812 sentibus
256 3754 306 3810 est
336 3769 527 3831 appensum.
582 3747 656 3808 Dat.
686 3747 783 3809 Ebor.
813 3747 923 3810 Nonas
953 3750 1105 3833 Augusti,
1134 3753 1229 3815 Anno

80 3846 212 3908 Domini
227 3866 315 3928 prox.
334 3843 539 3927 supradict0.¹

146 4019 334 4101 Capitulum
358 4019 499 4079 ecclesiae
524 4016 618 4078 Beati
646 4017 736 4079 Petri
763 4017 857 4081 Ebor.
888 4018 1009 4082 decano
1039 4025 1129 4082 extra
1157 4042 1230 4104 pro-
1255 4030 1311 4090 (aa)

79 4118 220 4180 vinciam
242 4121 372 4198 agente,
387 4111 650 4195 archiepiscopali
674 4112 821 4195 ejusdem
836 4115 978 4177 ecclesiae
994 4117 1069 4178 sede
1085 4124 1229 4195 vacante,
1254 4101 1310 4193 §02
1318 4091 1383 4194 ¹13¹·

79 4213 222 4296 capitulo
245 4211 387 4273 ecclesiae
410 4209 587 4292 collegiatae
610 4207 747 4290 Rypon',
762 4209 857 4273 Ebor.
880 4210 1026 4274 dioecesis
1042 4212 1179 4275 salutem
1193 4215 1229 4275 in
1254 4229 1366 4275 raama

80 4310 219 4372 Auctore
246 4308 369 4369 salutis.
416 4305 496 4368 Cum
524 4303 716 4366 venerabilis
740 4305 776 4365 in
801 4303 928 4368 Christo
952 4312 1054 4388 pater,
1078 4308 1228 4371 dominus
1249 4288 1377 4347 ''⁰⁶0⁶'‘

497 4437 538 4508 (l)
560 4435 610 4491 See
622 4437 675 4490 vol.
689 4437 707 4490 i.
720 4454 745 4507 p.
759 4437 820 4490 216.
