2992 5010
578 331 581 336 ·
626 314 833 369 Msuosmns
859 315 903 366 Ol*
928 314 1048 367 RIPON.

267 481 406 544 duorum
432 504 602 561 annorum,
629 489 664 546 et
689 483 789 565 aliqui
820 484 918 545 unius
947 483 1035 544 anni.
1081 481 1179 556 Item,
1209 480 1291 541 duas
1318 479 1419 541 bonas

267 586 423 642 carrectas
449 601 547 643 novas
571 587 606 642 et
628 581 710 642 bene
733 579 878 657 ferratas,
902 585 937 640 et
958 581 1038 640 duas
1066 577 1167 660 bigas,
1190 596 1328 657 quarum
1351 596 1419 637 una

268 673 333 736 fuit
348 675 467 740 serrata
483 683 517 740 et
538 677 602 740 alia
617 698 694 739 non.
740 677 838 753 Item,
854 682 920 738 tres
942 696 1071 737 carneas
1087 694 1161 735 eum
1177 672 1271 734 ferris
1287 679 1322 735 et
1343 672 1418 733 aliis

268 771 496 836 instrumentis
520 773 761 856 pertinentibus
785 773 825 834 ad
846 772 987 834 easdem.
1033 773 1130 847 Item,
1153 771 1217 830 tria
1231 768 1367 851 plumba
1381 770 1415 829 in

91 836 207 949 elongas.
227 902 233 911 ·
268 864 379 929 formis
397 871 469 947 sita,
485 868 519 952 iij
538 870 623 931 bona
638 869 702 930 olla
717 889 806 930 aeuea
829 889 904 930 curn
919 868 1024 930 tribus
1040 865 1187 928 urceolis.
1233 866 1319 926 Item
1335 865 1417 926 duas
1439 952 1441 956 Α

90 935 237 1045 pppis-leuse,
268 964 404 1044 patellas
427 972 462 1026 et
484 966 638 1027 utensilia
653 965 762 1048 lignea
788 964 1026 1046 quamplurima
1052 962 1230 1023 necessaria
1253 962 1288 1022 in
1312 960 1418 1023 botel-

266 1059 357 1140 laria‚
373 1063 520 1144 coquina,
537 1068 572 1123 et
588 1062 717 1123 bracina
731 1062 811 1123 dicti
826 1059 1006 1143 hospitalis.
1030 1059 1146 1121 Dimisi
1163 1059 1296 1140 insuper
1311 1077 1417 1118 unum

268 1155 412 1235 Missam,
443 1158 641 1241 Legendam,
672 1157 821 1234 Gradale,
852 1162 887 1219 et
915 1156 995 1217 alios
1024 1156 1123 1217 libros
1153 1154 1350 1216 sufficientes
1380 1155 1417 1215 in

89 1238 216 1344 {mbos
268 1253 391 1339 capella
406 1254 484 1315 dicti
501 1251 681 1336 hospitalis,
697 1275 771 1315 cum
788 1253 992 1315 vestimentis
1008 1251 1194 1314 necessariis
1210 1250 1250 1312 ad
1267 1250 1417 1326 eandem,

89 1356 171 1405 books
269 1353 303 1409 et
329 1369 432 1410 unum
457 1348 580 1410 feolum
606 1349 646 1411 de
677 1349 820 1411 cristallo
847 1349 1007 1432 pulcrum,
1029 1368 1104 1409 cum
1128 1346 1275 1428 reliquiis
1306 1346 1416 1408 Beatae

267 1443 379 1508 Mariae
403 1445 616 1528 Magdalenae.
663 1446 748 1507 Item
772 1446 965 1506 meremium
990 1445 1105 1506 valoris
1128 1442 1186 1504 xls.
1204 1448 1238 1503 et
1264 1441 1416 1524 amplius,

91 740 168 798 (ints,
178 745 225 786 stc.

90 1524 210 1633 &m
265 1544 301 1601 et
322 1560 418 1604 aucas
442 1549 476 1602 et
498 1541 635 1623 gallinas
650 1540 859 1627 quamplures
881 1541 967 1623 apud
990 1537 1160 1616 Mulwath,
1176 1539 1319 1620 insuper,
1336 1558 1415 1619 quos

89 1633 240 1723 nigasius
265 1637 384 1705 nescio.
430 1638 516 1700 Item
539 1637 650 1704 dimisi
672 1658 803 1720 mappas
827 1637 946 1698 tuellas
969 1636 1163 1698 necessarias
1189 1654 1247 1717 pro
1268 1633 1417 1716 quolibet

88 1710 192 1759 ΜΨ·
265 1733 398 1795 custode
414 1754 536 1796 moram
552 1734 690 1795 indicto
711 1731 871 1819 hospitale
894 1733 1044 1795 faciente.
1091 1732 1208 1794 Omnia
1230 1730 1314 1793 bona
1336 1751 1416 1812 prae-

87 1794 224 1924 affin
264 1828 352 1894 dicta
367 1830 408 1892 ad
424 1851 540 1892 manus
556 1830 690 1895 Patricii
713 1831 754 1892 dc
772 1829 942 1895 Braferton
965 1830 1021 1911 qui
1036 1826 1136 1889 michi
1152 1828 1187 1888 in
1202 1828 1291 1888 dicto
1305 1824 1415 1907 hospi-

86 1934 159 1981 iinon
262 1927 322 1993 tali
350 1928 513 2008 successit,
538 1927 741 1994 devenerunt
771 1932 805 1989 et
834 1947 934 2012 penes
964 1947 1041 1987 eum
1063 1930 1301 1999 remanserunt,
1324 1923 1414 1984 nulla

263 2025 438 2090 indentura
454 2045 549 2107 super
565 2024 628 2087 illis
644 2045 700 2113 per
720 2044 772 2085 me
788 2045 847 2086 uec
869 2024 1001 2090 nomine
1017 2043 1090 2083 meo
1105 2021 1199 2083 facta.
1245 2020 1324 2108 Quae
1339 2040 1414 2081 vero

261 2121 346 2188 bona
373 2122 424 2184 vel
449 2128 529 2204 quot
552 2123 773 2203 uuusquisque
796 2127 905 2185 custos
930 2126 1003 2202 post
1027 2141 1060 2181 se
1086 2120 1121 2181 in
1147 2119 1234 2180 dicto
1260 2115 1412 2199 hospitali

263 2217 430 2279 dimittere
461 2224 623 2295 teneatur,
653 2218 778 2300 ignom,
809 2237 869 2278 uec
899 2217 991 2298 potui
1022 2235 1118 2296 super
1148 2212 1209 2275 hoc
1245 2211 1412 2294 hucusque

263 2314 439 2374 certiorari.
486 2313 548 2375 Sed
578 2314 673 2375 credo
703 2313 789 2393 quod
820 2312 959 2395 quilibet
989 2317 1097 2373 custos
1127 2314 1260 2372 tenetur
1290 2315 1413 2371 statum

263 2405 433 2489 hospitalis
448 2409 617 2470 meliorare
641 2414 675 2470 et
699 2429 886 2490 promovere
910 2408 1089 2470 secundum
1116 2406 1288 2468 facultates
1310 2407 1413 2488 ipsius

263 2504 405 2565 custodis
422 2505 550 2586 quando
566 2504 647 2566 illud
662 2502 821 2585 hospitale
845 2505 994 2566 dimittit.
1039 2504 1155 2566 Valeat
1181 2508 1285 2564 vestra
1307 2507 1414 2585 pater-

262 2600 349 2662 nitas
364 2601 540 2661 rcverenda
554 2621 612 2682 per
628 2605 775 2682 tempora
790 2600 887 2684 longa
902 2622 977 2663 cum
994 2600 1109 2664 salute

329 2731 444 2798 Maru
475 2733 515 2822 of
530 2732 672 2818 soldiup
693 2733 767 2798 arad
796 2734 871 2799 alita
888 2735 950 2820 sor
979 2735 1077 2818 τρέπῃ
1105 2756 1167 2820 up.
1213 2733 1413 2814 Addreesed,

263 2830 424 2894 ‘Domino
450 2831 501 2894 W.
527 2831 588 2895 Dei
611 2833 717 2914 gracia
740 2831 835 2894 Ebor.
858 2831 1094 2915 archiepiscopo
1118 2831 1243 2915 Angliae
1269 2831 1412 2914 primati.

263 2926 326 2988 Per
342 2946 437 2992 suum
453 2926 607 2993 clericum
623 2927 644 2996 J
646 2928 782 2990 acobum
804 2929 845 2990 de
861 2929 1049 3005 Cimiterio’,
1065 2926 1137 2991 und
1153 2925 1313 2990 cadoracd
1334 2924 1377 2990 ira
1391 2947 1414 2991 α

263 3020 348 3084 hilm
363 3019 467 3101 harad,
484 3023 613 3086 ‘Beatae
628 3023 740 3091 Mariae
756 3024 894 3107 Rippon’
910 3022 1090 3107 hospitale’.

87 3189 130 3247 (ὃ)
330 3162 525 3240 Willelmus,
542 3164 751 3245 permissione
767 3163 886 3224 Divina
901 3162 996 3224 Ebot.
1013 3167 1075 3224 etc.
1091 3162 1219 3224 dilectis
1235 3162 1269 3222 in
1285 3159 1413 3224 Christo

86 3247 216 3365 ffifff·
264 3257 351 3335 filiis,
367 3259 506 3321 dominis
523 3261 648 3342 Rogero
673 3260 797 3342 Swayn,
813 3260 977 3332 canonico,
992 3264 1027 3319 et
1050 3255 1207 3320 Nicholao
1229 3258 1271 3320 de
1286 3258 1413 3320 Bonde·

91 3389 161 3442 Quod
168 3403 230 3446 prs
264 3361 350 3437 gete,
367 3356 487 3416 decano
504 3355 629 3436 Ripon'‚
646 3355 795 3430 salutem,
811 3356 964 3439 graciam,
980 3358 1015 3416 et
1029 3353 1302 3417 benediccionem.
1331 3354 1413 3417 Cum

86 3445 200 3550 ‘gldoej‘
265 3451 356 3512 bonae
387 3453 550 3511 memoriae
592 3448 742 3526 Thomas,
774 3451 869 3512 Ebor.
899 3448 1166 3533 archiepiscopus,
1202 3450 1414 3534 praedecessor

85 3521 157 3611 ciii
172 3537 240 3623 q'uam
265 3550 374 3606 noster
411 3547 631 3621 immediatus,
661 3546 786 3606 dudum
825 3548 858 3606 in
889 3547 1032 3628 capit-ulo
1072 3547 1189 3629 Ripon’
1215 3546 1414 3608 visitacionis

87 3623 200 3741 ἓᾚξξο
265 3661 433 3702 excerccns
458 3641 610 3718 officium,
627 3642 713 3702 inter
728 3646 844 3701 caetera
866 3647 945 3703 tunc
972 3644 1169 3704 correccione
1193 3642 1302 3725 digna,
1328 3643 1414 3704 sicut

87 3740 200 3809 actara·
265 3758 305 3798 ex
329 3737 532 3817 inspeccione
559 3736 688 3819 registri
720 3736 770 3797 sui
800 3739 1035 3817 comperimus,¹
1064 3760 1103 3801 ex
1128 3739 1225 3801 certis
1251 3739 1354 3800 causis
1379 3744 1415 3799 et

87 3800 221 3903 milui
265 3832 424 3914 legitimis
451 3832 582 3911 provide
606 3832 779 3893 statuendo
802 3832 983 3894 decreverit
1005 3854 1046 3896 ne
1064 3836 1216 3916 cuiquam
1231 3834 1287 3896 alii
1314 3855 1412 3915 quam

86 3937 139 3985 'she
149 3940 217 3985 order
264 3928 415 3988 canonico
432 3926 574 3988 ecclesiae
598 3926 713 4008 Ripon’
728 3928 898 4008 praebenda
921 3929 1059 4012 alicujus
1074 3932 1217 3992 canonici
1241 3932 1276 3991 in
1298 3930 1412 3991 eadem

86 3999 225 4103 gfegw'
264 4043 304 4084 ex
333 4028 412 4083 tunc
443 4022 664 4086 dimitteretur
694 4025 735 4085 ad
765 4024 891 4085 firmam
919 4026 988 4087 sine
1020 4047 1078 4087 sua
1104 4034 1162 4088 aut
1193 4047 1412 4088 successorum

87 4114 132 4162 ¹²⁸⁸
143 4117 202 4162 been
266 4139 398 4180 suorum
415 4117 549 4179 licencia
565 4119 706 4200 speciali,
718 4141 754 4181 ac
770 4121 920 4182 nonnulli
936 4123 1082 4183 canonici
1094 4122 1242 4205 ejusdem
1259 4123 1413 4198 ecclesiae,

86 4173 223 4235 ambeyed,
263 4213 614 4291 utintelleximus,non
628 4217 1412 4282 sinetemeritatisaudaciaacnotainobedienciae

264 4315 299 4372 et
313 4316 521 4392 contemptus
544 4309 731 4393 hujusmodi
747 4314 1013 4400 transgrediendo
1028 4315 1208 4392 decretum,
1229 4321 1296 4377 tam
1322 4315 1412 4377 laicis

442 4429 484 4499 (1)
505 4429 554 4484 See
566 4429 734 4503 (lorbridge's
746 4432 878 4504 Register,
891 4432 959 4487 Nor.
973 4435 999 4499 ll,
1014 4434 1100 4502 13025
1119 4452 1145 4505 p.
1159 4435 1202 4487 40.
