2992 5010
182 349 357 403 namma
382 352 480 404 mou
507 351 603 404 voss
629 349 841 415 auorsmns3
876 350 1086 402 consumor.
1335 328 1381 403 31

53 519 254 603 recepcionis
270 521 496 601 praesencium‚
511 525 546 582 et
560 519 714 603 quicquid
729 517 872 581 feceritis
888 520 922 580 in
938 507 1111 601 praemissis
1126 519 1208 580 citra

54 615 143 677 diem
160 614 273 689 Lunae,
289 613 475 676 certificetis
498 615 689 697 praedictum
705 633 763 695 per
779 619 902 674 vestras
926 618 1075 694 patentes
1097 613 1208 675 literas

55 709 173 772 harum
189 710 306 771 seriem
321 713 539 773 continentes,
584 711 634 772 Ad
650 731 748 793 quem
764 711 851 772 diem
868 710 960 772 nobis
978 708 1158 771 exhibeatis
1173 711 1208 771 in

57 807 185 889 scriptis
201 806 349 867 omnium
364 808 689 869 nominacitatorum.
720 805 847 867 Valete.
885 806 961 867 Dat..
973 806 1059 888 apud
1072 806 1208 885 Burton,

58 903 132 967 Kal.
150 901 334 984 Septembr.
349 902 557 985 pontificatus
572 904 674 965 nostri
690 922 775 963 anno
791 903 942 964 secundo.

124 1094 277 1173 Thomas,
292 1094 354 1157 Dei
378 1097 496 1179 gracia,
513 1102 575 1158 etc.
600 1096 730 1158 dilectis
755 1096 791 1157 in
817 1094 945 1158 Christo
965 1094 1041 1157 filiis
1065 1096 1208 1178 capitulo
1233 1106 1318 1166 (aas.)

56 1197 169 1254 nostro
199 1190 326 1272 Ripon’,
352 1191 502 1265 salutem,
527 1193 681 1275 graciam,
712 1197 747 1252 et
777 1191 1049 1252 benediccionem.
1094 1191 1208 1272 Nuper
1233 1167 1361 1272 fjssfflffl'

56 1287 145 1370 apud
157 1307 223 1362 vos,
235 1286 388 1348 videlicet
402 1287 457 1349 die
473 1289 574 1349 Lunae
589 1309 678 1369 prox.
690 1292 765 1369 post
780 1287 901 1348 festum
916 1287 1009 1348 Beati
1025 1285 1208 1365 Michaelis,
1235 1307 1357 1354 naman

55 1386 153 1446 Anno
167 1383 283 1466 graciae
299 1383 350 1444 Μο
364 1391 432 1445 ccc⁰
448 1385 561 1466 primo,
578 1384 613 1445 in
636 1389 743 1445 vestro
767 1382 920 1465 capitulo,
937 1383 1021 1445 sicut
1042 1404 1081 1444 ex
1100 1388 1209 1465 pasto·
1233 1367 1357 1471 ffissb

55 1480 135 1542 ralis
161 1500 246 1541 curae
271 1479 364 1542 nobis
390 1480 542 1543 incubuit
568 1480 690 1557 debito,
713 1481 912 1541 visitacionis
932 1480 1073 1541 officium
1098 1500 1208 1542 excer·
1234 1485 1375 1554 carrucam

56 1581 183 1652 centes,
199 1576 414 1657 praesentibus
436 1576 578 1639 dominis
593 1577 709 1660 Egidio
734 1576 774 1637 de
792 1575 1000 1653 AudenardO,
1024 1583 1059 1637 et
1082 1576 1209 1659 Rogero
1233 1543 1341 1663 md

58 1671 187 1754 vaayn,
213 1691 250 1732 ae
274 1672 430 1755 magistro
456 1670 580 1735 Thoma
604 1671 645 1733 de
672 1670 860 1753 Correbrig’,
883 1672 1043 1752 praedictae
1066 1672 1210 1732 ecclesias

56 1768 233 1846 canonicis,
248 1769 404 1851 magistro
419 1768 585 1830 Willelmo
608 1767 650 1829 de
666 1765 853 1842 Grenefeld,
870 1769 1081 1828 concanonico
1103 1774 1210 1829 vestro

56 1863 210 1947 legitime
236 1869 398 1940 excusato,
425 1865 550 1926 caeteris
573 1883 648 1925 vero
671 1864 892 1925 concanonicis
915 1864 1030 1924 vestris
1055 1883 1112 1944 per
1136 1884 1212 1924 con-

57 1960 239 2022 tumaciam
269 1959 471 2038 absentibus,
501 1960 650 2042 quaedam
680 1960 803 2021 ibidem
837 1964 1003 2039 comperta
1033 1958 1212 2039 personalia

58 2055 304 2118 reformavimus
320 2060 417 2137 prout
438 2056 580 2118 vidimus
604 2055 765 2137 expedire,
779 2075 908 2137 poenam
931 2054 1073 2136 praefatis
1096 2060 1212 2115 contu-

57 2152 208 2213 macibus
221 2149 657 2237 inflingendam(sic)nostro
666 2150 801 2212 arbitrio
811 2150 993 2233 specialiter
1003 2155 1211 2212 reservantes.

128 2248 187 2310 Set
198 2248 274 2330 quia
288 2249 376 2309 inter
391 2253 507 2309 caetera
522 2253 601 2308 tunc
617 2247 835 2328 comperimus
851 2247 1018 2308 evidenter
1033 2246 1118 2328 quod
1129 2267 1211 2308 areae
1237 2258 1302 2305 Prota
1313 2261 1349 2306 ror

59 2344 265 2428 quorundam
280 2345 567 2406 concanonicorum
583 2349 763 2405 vestrorum
780 2344 849 2404 sinc
866 2348 1026 2405 structura
1041 2349 1211 2405 remanent
1236 2319 1365 2424 Εξζξξξω

60 2441 154 2523 quasi
177 2460 284 2501 vacuae
309 2445 344 2502 et
366 2439 513 2517 desertae,
529 2439 732 2521 quorundam
759 2438 862 2499 eciam
887 2438 1022 2500 aedificia
1044 2440 1211 2500 minantur
1236 2439 1326 2482 ¹0⁰²⁸¹¹¹

61 2538 204 2613 ruinam,
230 2534 367 2596 aliorum
393 2555 469 2597 vero
498 2535 615 2597 domus
644 2541 834 2616 coopertura
857 2539 891 2596 et
922 2534 994 2596 aliis
1024 2536 1212 2596 necessariis
1235 2500 1331 2542 vacant.

62 2632 208 2694 multum
231 2636 341 2713 egent.
387 2630 526 2705 Quidam
551 2651 627 2692 vero
652 2629 850 2692 confratrum
874 2635 1054 2692 vestrorum
1077 2632 1111 2691 in
1138 2651 1214 2691 con·
1238 2642 1307 2689 aomo

63 2726 240 2791 tribuendo
263 2747 321 2788 seu
342 2727 495 2789 solvendo
510 2726 669 2789 decimam
692 2725 732 2787 ad
757 2725 909 2788 fabricam
932 2725 1072 2808 praefatae
1094 2731 1213 2788 nostrae
1237 2715 1371 2817 ζζὲῗῖξθῃι,

64 2823 181 2907 Ripon’
211 2822 354 2885 ecclesias
384 2823 591 2905 assignatam,
617 2828 653 2884 et
682 2823 717 2883 in
746 2821 819 2883 aliis
848 2821 958 2884 debite
989 2823 1213 2904 supportandis
1239 2818 1357 2923 ’Πῇξέίῆ-

63 2919 227 2996 omnibus,
243 2939 277 2980 se
301 2918 443 2981 reddunt
467 2918 613 2980 difficiles
636 2924 671 2980 et
696 2916 843 2993 rebelles,
866 2917 922 2978 alii
945 2923 1067 2995 autem,
1091 2919 1215 2980 emolu·
1238 2892 1292 2982 ἔξω
1301 2936 1369 2983 with.

63 3021 178 3078 mento
193 3013 437 3097 praebendarum
454 3035 584 3076 suarum
600 3019 765 3095 percept0‚
780 3014 821 3076 ad
838 3014 1020 3076 faciendam
1042 3015 1077 3075 in
1101 3015 1213 3076 eadem

63 3111 202 3176 eeclesia
224 3111 436 3172 residenciam
459 3110 500 3172 ad
515 3129 614 3191 quam
628 3114 796 3187 tenentur,
811 3130 887 3172 cum
903 3115 1018 3172 vestrae
1033 3109 1215 3191 praebendae

64 3206 204 3291 singulte
219 3225 330 3266 curam
345 3203 487 3267 habeant
501 3206 696 3282 animarum,
712 3225 757 3281 se,
773 3205 859 3285 quod
882 3206 1035 3267 indecens
1058 3205 1214 3283 cernitur,

63 3323 129 3366 non
144 3300 359 3378 conformant,
374 3302 476 3363 immo
491 3323 533 3363 ne
554 3301 719 3363 resideant
734 3321 768 3362 se
784 3300 983 3363 subtrahunt
998 3300 1211 3382 periculosius

65 3399 106 3461 ab
121 3398 235 3461 eedem
246 3419 256 3474 ;
278 3396 357 3474 Nos,
371 3418 414 3459 ne
438 3397 480 3459 ad
501 3402 743 3459 accrementum
764 3394 864 3479 hujus
887 3397 1043 3459 cotidiani
1059 3397 1214 3478 stipendii
1239 3415 1372 3463 Wedirsot

64 3514 123 3578 per
147 3493 391 3556 connivenciam
418 3513 475 3555 seu
501 3492 797 3555 dissimulacionem
822 3492 1003 3575 quamlibet
1032 3494 1067 3554 in
1096 3498 1213 3555 nostrae
1239 3476 1367 3592 {fflffd

66 3589 281 3652 offensionem
295 3589 503 3651 conscienciae
526 3588 710 3671 exemplum
735 3589 802 3650 sive
827 3588 1056 3649 auctoritatem
1072 3589 1214 3670 praebere
1240 3593 1362 3650 nuunnga

65 3685 202 3749 forsitan
224 3684 403 3762 videamur,
426 3684 517 3747 vobis
539 3685 575 3746 in
589 3685 711 3747 virtute
735 3685 930 3747 obedienciae
946 3683 1083 3747 firmiter
1104 3684 1216 3768 injun·
1240 3653 1374 3771 pammac

65 3783 175 3866 gendo
193 3782 385 3844 mandamns
400 3787 562 3863 quatenus
576 3782 659 3842 areis
674 3781 752 3843 locis
767 3781 914 3843 omnium
929 3783 1215 3844 concanonicorum
1240 3770 1309 3816 with.

66 3883 249 3940 vestrorum
274 3877 358 3939 circa
379 3876 547 3958 praefatam
569 3875 739 3938 ecclesiam
762 3877 864 3938 oculis
880 3881 995 3938 vestrae
1011 3876 1216 3940 discrecionis

67 3994 143 4036 cum
167 3972 336 4034 celeritate
364 3971 530 4055 subjectis,
552 3973 713 4034 moneatis
737 3971 885 4055 legitime
910 3977 944 4034 et
970 3971 1141 4035 efficaciter
1164 3974 1217 4034 in-

66 4068 195 4133 ducatis
210 4067 341 4131 eosdem
355 4068 441 4150 quod
456 4068 680 4151 unusquisque
695 4088 817 4147 earum,
828 4069 897 4130 sinc
913 4068 1065 4130 tarditate
1081 4089 1217 4146 morosa,

67 4187 126 4229 sna
155 4164 291 4228 aedificia
320 4159 461 4248 congrue
487 4162 584 4247 juxta
613 4185 701 4226 nunc
730 4169 911 4246 compertos
941 4163 1089 4226 defectus
1118 4164 1218 4226 faciat

68 4261 247 4336 emendari,
273 4266 309 4323 et
333 4262 430 4343 quod·
446 4262 487 4324 de
513 4260 640 4323 decima
662 4261 704 4322 ad
728 4260 882 4322 fabricam
905 4259 1048 4322 ecclesiae
1072 4265 1112 4322 ut
1135 4281 1217 4343 prae-
1242 4274 1300 4336 (tc)

68 4357 190 4420 dicitnr
218 4356 392 4439 assignata,
418 4357 584 4438 ipsiusque
611 4357 791 4440 arreragiis,
815 4356 842 4418 si
871 4375 943 4438 quae
973 4354 1107 4434 fuerint,
1133 4355 1218 4418 infin

70 4472 219 4517 mensem
251 4471 272 4514 a
302 4452 486 4516 monicione
523 4450 711 4536 hujusmodi
750 4450 949 4514 satisfaciant
984 4455 1218 4532 competenter,
