2992 5010
146 402 151 408 .
207 327 382 381 nxmacrs
408 327 504 381 ιιιοιι
529 327 627 380 roan
651 327 863 393 snorsmss3
890 326 1125 380 ennarsmtn.
1365 305 1411 379 63

86 496 273 575 admissuri,
290 498 546 560 examinaciones
561 497 664 559 eciam
679 501 714 559 et
725 497 939 559 correcciones
950 496 1074 559 debitas
1086 499 1237 560 canonice

88 592 293 656 submissuri.
339 594 406 655 Nos
423 614 518 675 super
541 594 734 655 execucione
751 591 849 674 hujus
871 594 1027 669 mandati,
1044 594 1134 656 etde
1158 595 1239 656 cita-

88 694 196 750 torum
214 688 412 765 nominibus,
428 688 588 770 praedictis
604 688 657 751 die
674 694 708 749 et
730 687 807 749 locis
830 687 985 748 distincte
1001 687 1160 750 certifices
1181 708 1240 769 per

88 792 163 846 tuas
193 784 305 846 literas
336 783 452 846 harum
484 785 600 846 seriem
631 784 847 846 continentes.
909 783 999 846 Vale.
1047 783 1121 845 Dat.
1153 784 1240 867 apud

89 880 289 960 Munketon,
304 883 337 942 iv
354 881 458 943 Kal'n.
477 879 633 957 Octobris,
649 885 739 962 pont.
755 881 857 941 nostri
873 900 958 941 anno
971 882 1086 961 primo.

159 1027 249 1090 wilt.
274 1029 315 1090 de
346 1027 451 1089 Ponte
482 1027 583 1111 Burgi
614 1025 749 1088 clericus
780 1027 908 1088 created
930 1025 1038 1087 bailiff
1060 1025 1096 1088 of
1123 1027 1240 1109 Ripon.
1267 1030 1355 1091 (⁴⁵²)

92 1123 222 1201 Garrod,
238 1124 310 1187 Oct.
327 1127 382 1202 23,
401 1126 496 1187 1309.
715 1146 717 1150 ⁴

159 1262 321 1324 Noverint
336 1261 478 1323 universi
470 1260 664 1343 quodcum
680 1260 809 1322 domina
821 1257 971 1322 Iohanne
983 1261 1022 1322 de
1034 1259 1242 1339 Corewenne,
1268 1277 1310 1334 (45
1321 1276 1356 1332 ι.)

92 1356 207 1419 relicta
221 1356 345 1417 domini
370 1354 501 1417 Thomae
528 1356 568 1417 de
594 1355 797 1432 corewenne,
813 1355 939 1431 militis,
955 1355 1112 1433 defuncti,
1128 1356 1243 1418 fuisset
1267 1335 1396 1522 affigi·

95 1474 192 1535 super
223 1453 359 1514 crimine
391 1451 481 1513 adult
468 1453 542 1514 terii
566 1452 737 1513 commisso
769 1472 844 1512 cum
875 1452 1004 1513 domino
1038 1453 1169 1514 Simone
1203 1452 1243 1515 de
1271 1478 1353 1525 nm

95 1549 227 1625 Warde,
249 1548 367 1624 milite,
389 1547 567 1624 diffamata,
599 1568 636 1609 ac
662 1568 767 1609 coram
792 1548 884 1609 nobis
907 1548 946 1606 ll
948 1547 1079 1626 illelmo,
1109 1551 1245 1630 permis·
1268 1539 1366 1642 §ng
1300 1598 1383 1642 tam

98 1647 187 1706 sione
203 1644 322 1706 Divina
336 1644 431 1706 Ebor.
447 1641 696 1725 archiepiscopo,
707 1643 1121 1726 Anglraeprrmate,cr1men
1132 1642 1374 1761 hujus-deut·

97 1740 186 1802 modi
196 1760 256 1801 con
259 1738 411 1816 fessata,
402 1759 504 1849 rpsam
514 1739 667 1800 canonice
682 1739 877 1800 correximus
892 1739 932 1799 de
949 1739 1071 1801 eadem.
1095 1740 1135 1801 ln
1151 1732 1293 1802 testi-'⁶

98 1837 246 1897 monium
271 1835 364 1917 cujus
387 1836 434 1896 rei
468 1833 506 1895 lit
493 1840 578 1896 teras
605 1839 730 1895 nostras
754 1835 814 1896 sibi
838 1833 975 1895 fecimus
1000 1833 1058 1895 has
1084 1843 1244 1916 patentes.

99 1932 174 1994 Dat.
199 1931 285 2013 apud
311 1930 454 2012 Otteley,
484 1929 519 2012 iij
544 1931 594 1992 Id.
627 1929 800 1992 Novembr.
832 1930 925 1991 Anno
955 1932 1070 2014 graciae
1094 1932 1247 1992 M⁰ccc¹¹¹⁰

98 2049 194 2105 nono,
211 2033 246 2089 et
261 2033 351 2110 pont.
367 2027 470 2089 nostri
486 2033 611 2108 quarto.

165 2170 403 2254 Acquittancae
425 2190 465 2233 or
486 2168 623 2253 receipts
640 2167 701 2252 sor
722 2189 859 2250 moncys
878 2168 970 2252 poid
992 2167 1034 2231 ιἰι
1057 2167 1097 2251 by
1111 2167 1204 2232 John
1220 2169 1248 2233 le
1271 2196 1374 2258 (16911)

105 2267 258 2330 ll'orener
281 2266 321 2329 de
344 2266 471 2351 Ripou’
494 2288 558 2329 our
578 2265 727 2329 receives.
774 2265 916 2349 Otteley.
962 2267 1044 2328 Nov.
1073 2270 1123 2346 ll,
1152 2268 1247 2328 1309.

99 2362 311 2447 (Martinmas
325 2364 425 2448 Day.)

166 2509 336 2572 Universis
352 2506 473 2571 Christi
490 2507 641 2570 fidelibus
656 2507 697 2569 ad
720 2528 800 2589 quos
822 2506 924 2569 literae
947 2516 1122 2589 praesentes
1136 2531 1249 2592 perve-
1274 2535 1329 2594 (ις)

99 2607 222 2683 nerint,
238 2606 423 2667 Willelmus
444 2611 506 2667 etc.
524 2605 687 2666 salutem
677 2624 711 2665 ιιι
728 2605 874 2665 omnium
892 2604 1067 2668 Salvatore.
1113 2606 1250 2669 Noverit
1274 2607 1332 2708 2⁰
1334 2594 1402 2699 ¹2¹⁰·

100 2704 296 2765 universitas
327 2709 434 2764 vestra
470 2702 556 2784 quod
594 2723 670 2763 cum
709 2701 808 2764 Cimit
795 2702 913 2762 terium
952 2702 1094 2765 ecclesiae
1125 2703 1250 2785 Rypon'
1275 2734 1358 2780 Lm„

100 2799 226 2860 dudum
264 2819 322 2880 per
359 2797 550 2859 violenciam
587 2798 755 2879 sanguinis
785 2796 977 2858 effusionem
1014 2798 1101 2858 inter
1130 2793 1409 2860 ltlabil-v¹⁴1'‘¹‘mcioe

99 2895 166 2955 lam
199 2893 254 3003 del
291 2893 383 2955 Bank
421 2899 455 2955 et
492 2895 655 2976 Agnetem
692 2893 733 2954 de
771 2893 834 2953 Mit
821 2891 888 2954 t’on
918 2893 1020 3002 ipsam
1059 2893 1249 2955 violenciam
1271 2867 1399 3015 {assirim

100 3093 249 3148 nostrum
276 3086 444 3147 dominum
467 3083 635 3162 Thomam,
660 3083 721 3146 Dei
743 3085 849 3168 gracia
871 3086 1055 3194 episcopum
1083 2997 1249 3147 Candide·
1276 3087 1405 3190 Qvi

102 3203 194 3259 casae,
197 3181 462 3264 ¹suffraganerun
477 3188 636 3257 nostrum,
653 3181 740 3242 idem
763 3180 961 3242 cimiterium
977 3183 1045 3242 vice
1062 3187 1096 3241 et
1111 3181 1250 3240 auctori·
1276 3147 1413 3283 {affl

102 3284 171 3340 tate
202 3284 314 3338 nostra
344 3278 527 3339 reconciliat
515 3284 586 3339 tum
618 3277 744 3353 fuisset,
775 3276 953 3357 capitulum
984 3277 1049 3337 dict
1036 3281 1078 3336 tre
1109 3275 1249 3336 ecclesiae
1275 3294 1411 3333 tweenrwo

102 3381 221 3436 nostrae
259 3372 384 3455 Rypon’
420 3374 461 3435 de
498 3373 722 3455 procuracione
761 3373 973 3480 qnadraginta
1010 3371 1182 3432 solidorum
1214 3391 1251 3432 ea
1275 3406 1427 3451 ν1111110111,

103 3471 232 3532 racione
258 3469 350 3530 nobis
376 3470 496 3545 debita,
523 3468 656 3550 praefato
679 3469 809 3529 domino
840 3469 989 3550 episcopo
1020 3466 1250 3530 Candidaecasae
1276 3466 1341 3511 ’Μ

103 3566 249 3648 plenarie
274 3565 439 3626 satisfecit.
486 3565 527 3626 In
551 3565 644 3647 cujus
671 3565 717 3625 rei
743 3563 967 3624 testimonium
994 3565 1083 3625 dicto
1109 3564 1252 3646 capitulo

102 3667 212 3723 nostro
248 3658 307 3721 has
337 3660 446 3722 literas
476 3666 602 3722 nostras
632 3660 824 3741 quietanciae
854 3658 990 3720 fecimus
1019 3661 1121 3721 nostri
1153 3661 1252 3744 sigilli

102 3758 285 3819 munimine
307 3756 480 3818 roboratas.
526 3756 600 3818 Dat.
616 3755 702 3837 apud
718 3754 842 3836 Rypon’
859 3754 899 3835 vij
926 3755 974 3817 Id.
992 3756 1144 3839 Augusti,
1159 3758 1253 3819 Anno

100 3854 215 3938 graciae
231 3853 281 3914 Μο
290 3859 424 3931 ccc⁰x¹²¹⁰,
436 3859 471 3914 et
484 3859 574 3934 pont.
589 3852 692 3913 nostri
706 3850 844 3932 quinto.²

169 3995 291 4060 Letters
310 4003 429 4080 patent
452 3993 630 4058 addressed
653 3995 792 4058 dominis
807 3995 888 4058 Rob.
911 3995 952 4058 de
976 3994 1125 4079 Conyem,
1140 4000 1252 4078 militi,
1279 4025 1322 4083 (ιε
1333 4026 1367 4082 1,)

157 4133 201 4202 (1)
223 4131 373 4185 Whithern
385 4131 414 4184 in
426 4130 577 4200 Galloway.

157 4212 201 4279 (2)
221 4209 262 4262 On
274 4211 322 4263 the
334 4227 405 4263 same
417 4227 485 4281 page
497 4209 521 4263 is
532 4227 549 4262 a
567 4211 648 4262 letter
666 4217 695 4260 to
713 4208 761 4261 the
773 4209 885 4279 chapter
898 4207 930 4262 of
947 4209 1023 4262 Yorlr
1036 4209 1120 4265 about
1132 4211 1253 4268 violence

104 4288 171 4341 with
190 4287 337 4341 bloomhot
356 4286 476 4341 indicted
495 4287 532 4358 by
550 4293 606 4340 two
624 4304 686 4340 men
710 4286 763 4340 and
788 4304 804 4338 a
829 4286 950 4356 ‘garcio’
972 4287 1000 4340 in
1026 4288 1073 4341 the
1096 4291 1199 4343 church
1224 4289 1256 4344 of

104 4364 242 4436 Pylering
254 4382 289 4418 on
301 4365 348 4418 the
359 4365 463 4437 osquire
475 4365 508 4419 of
516 4365 563 4418 the
576 4364 708 4418 Oonntess
718 4364 749 4418 of
758 4364 914 4418 lancaster.
950 4364 1007 4418 The
1019 4366 1202 4420 commissione
1211 4367 1253 4419 for

104 4445 178 4498 these
190 4444 407 4498 reconciliatione
420 4461 465 4497 are
479 4443 587 4498 entered
600 4443 635 4499 fo.
652 4445 712 4505 lue.
725 4443 782 4496 ‘De
794 4441 976 4514 Suffragsnsis
987 4443 1134 4515 episcopis!
