3044 4994
301 357 473 412 EX'I’RAC'PS
501 357 599 410 111011
624 356 720 410 voltu
746 354 956 423 nnelsrnus3
983 357 1160 413 ROMANUS.

159 536 249 599 Item
270 530 421 595 dominus
443 527 574 589 monuit
596 525 776 609 capitulum
798 525 884 606 quod
900 526 963 590 sibi
985 527 1162 591 satisfaciat
1176 525 1217 588 de
1232 544 1305 607 pro·

157 629 327 695 curacione
350 625 382 687 ei
403 622 516 684 debita
537 622 665 683 racione
688 621 885 683 visitacionis
908 623 991 685 citra
1013 623 1134 686 festum
1150 621 1306 685 Omnium

159 727 362 790 Sanctorum.
419 719 503 780 Item
543 718 694 779 dominus
732 719 961 799 pronunciavit
997 741 1110 783 omnes
1139 719 1307 781 canonicos

157 823 310 885 absentes
333 820 549 891 contumaces,
565 813 756 876 reservando
778 813 841 876 sibi
862 834 993 896 poenam
1015 836 1073 898 pro
1096 836 1154 878 suo
1175 812 1308 876 arbitrio

158 916 381 1002 infligendam.

226 1109 327 1172 Mem.
357 1103 443 1186 quod
472 1101 625 1164 dominus
654 1100 745 1163 dedit
775 1099 944 1165 licenciam
981 1105 1138 1187 magistro
1168 1100 1242 1166 Joh.
1266 1101 1307 1164 de
1333 1110 1390 1170 69)

159 1207 281 1268 Eneros
303 1198 494 1265 immorandi
518 1197 627 1260 studio
648 1217 706 1278 per
728 1198 917 1278 triennium,
940 1199 1175 1262 dissimulando
1195 1204 1307 1261 tamen
1331 1110 1464 1290 13712149.

159 1300 283 1366 Suthw.
300 1306 334 1362 et
349 1298 432 1380 Ryp.
449 1315 518 1357 can.
534 1295 577 1356 199.
594 1293 667 1356 Kal.
684 1294 767 1377 Aug.
1331 1312 1405 1419 met
1404 1327 1448 1435 gay·

159 1489 386 1558 (1999199199
408 1492 440 1550 19
464 1486 571 1566 Repe·
593 1484 731 1567 Swapa,
756 1484 874 1550 099999
896 1486 936 1570 of
954 1485 1083 1572 Ilipon,
1106 1493 1138 1552 to
1161 1484 1268 1551 collect
1282 1498 1342 1558 9(
1330 1498 1418 1560 (999.)

217 1583 340 1673 fourth
358 1588 442 1669 port
464 1581 503 1665 os
523 1579 574 1644 tle
597 1579 732 1664 benefice
754 1602 793 1645 99
810 1580 960 1666 pretend
975 1582 1014 1666 of
1031 1582 1124 1648 191999
1139 1583 1179 1647 de
1194 1570 1427 1665 9666611169)

219 1677 559 1768 sornmwedewe.
607 1675 1172 1761 11999611961919919991999.
1330 1676 1433 1725 16911·

159 1873 333 1940 Moraltion
348 1877 380 1952 69
397 1868 539 1952 (11699699
554 1866 593 1951 of
605 1865 723 1952 Ripon
738 1873 770 1932 to
782 1887 855 1952 pap
870 1866 921 1932 tle
933 1868 1155 1954 procurctlon
1171 1869 1307 1953 (199199
1331 1885 1416 1946 (996.)

227 1968 279 2033 tte
294 1968 359 2032 1966
373 1961 562 2030 9191191199.

206 2158 403 2247 J(0hannes)
421 2158 643 2243 permissione,
659 2163 721 2221 etc.
752 2158 844 2221 Inter
859 2164 984 2238 caetera,
1000 2164 1063 2223 969.
1087 2158 1190 2224 Cum
1175 2181 1245 2244 Jam
1260 2160 1406 2248 (?)(1(e.)

160 2262 295 2324 ecclesia
309 2264 418 2321 nostra
433 2254 530 2336 Rip’·
521 2273 556 2316 1n
571 2274 634 2336 qua
648 2253 780 2338 gloriosi
796 2255 986 2319 confessoris
998 2255 1139 2320 Wilfridi
1150 2265 1307 2321 veneratas
1332 2248 1387 2343 ls'el.
1395 2239 1461 2345 ᾖξε·

158 2357 343 2419 conduntur
357 2352 502 2434 reliquiae
516 2350 701 2412 imminenti
718 2356 753 2413 96
768 2351 882 2414 vicinae
898 2359 1097 2435 supponatur
1105 2354 1219 2431 ndnoe,
1235 2375 1306 2437 quae
1331 2379 1382 2426 pm
1368 2382 1483 2484 spem,

158 2452 360 2535 reparacione
375 2447 527 2531 indiget
516 2467 552 2508 m
568 2452 731 2509 structura
746 2448 851 2530 operis
866 2450 1058 2530 sumptuosi,
1067 2450 1108 2512 ad
1122 2451 1248 2533 quod
1220 2456 1356 2544 epus-,⁶r
1331 2441 1426 2560 ij
1400 2501 1432 2546 ἢ..

157 2550 233 2610 dem
248 2546 389 2610 ecclesiae
405 2564 470 2606 non
486 2547 667 2625 suppetunt
681 2542 853 2605 facultates
856 2563 942 2622 ,nos,
952 2549 1013 2607 etc.
1023 2544 1064 2607 (19
1080 2552 1187 2608 vestra
1200 2548 1307 2631 gracia

157 2651 221 2706 etc
237 2649 397 2726 quatenns
412 2660 488 2702 cum
502 2643 724 2721 procuratores
738 2638 791 2701 vel
805 2641 917 2703 nuncii
909 2640 1072 2723 praefatae
1086 2640 1229 2706 ecclesiae
1245 2649 1307 2707 669.

157 2740 312 2803 fabricam
335 2737 494 2820 praedictae
515 2732 657 2797 ecclesiae
679 2734 769 2818 larga
784 2741 845 2798 etc.
867 2735 909 2798 ad
932 2735 1085 2799 fabricam
1104 2737 1252 2821 ejusdem
1274 2740 1308 2801 xl

158 2838 286 2901 dierum
302 2831 526 2915 indulgencias
537 2851 566 2894 a.
582 2851 613 2892 v.
629 2850 661 2912 p.
676 2852 704 2892 9.
721 2851 754 2893 n.
770 2851 796 2893 r.
811 2831 847 2894 li.
862 2831 904 2894 ad
918 2833 953 2895 id
967 2853 1037 2896 con.
1053 2834 1138 2896 etin
1153 2856 1186 2918 p.
1196 2857 1267 2899 con.
1280 2857 1306 2899 r.

157 2931 191 2995 h.
207 2929 288 3015 p&
310 2929 368 2992 ac.¹
415 2927 490 2990 Dat.
513 2926 597 3008 Ryp.
620 2945 661 2987 xv
684 2925 758 2989 Kal.
781 2927 906 3004 Marcii,
929 2928 1025 2990 Anno
1046 2931 1161 3013 graciae
1185 2931 1235 2993 Μο
1258 2939 1308 2994 cc⁰

157 3026 354 3111 octagesimo
369 3028 493 3099 octavo,
508 3026 542 3085 et
556 3020 766 3104 pontificatus
781 3024 885 3085 nostri
900 3022 986 3106 iiijv.

202 3214 401 3304 J(0hannes)
430 3215 561 3298 primas,
592 3218 654 3277 669.
699 3213 866 3276 Dilecto
856 3235 891 3277 999
922 3211 1050 3279 Christo
1080 3215 1146 3280 filio
1175 3219 1306 3283 domino
1333 3241 1421 3300 (966.)

157 3314 410 3399 Rogerovaayn
425 3331 496 3373 can
513 3308 648 3392 Rypon’,
659 3309 809 3388 salutem,
824 3328 975 3392 graciam,
985 3316 1020 3373 et
1034 3311 1375 3379 benediccionem.¹'
1334 3360 1444 3405 ,wo

158 3413 263 3487 Quam
278 3415 387 3472 sancte
398 3413 431 3471 66
443 3406 616 3469 salubriter
626 3403 834 3488 (piapatrum
843 3406 1111 3489 praedecessorum
1124 3419 1306 3475 nostrorum
1332 3419 1363 3464 re
1365 3421 1387 3465 b
1399 3421 1434 3465 1⁴

157 3507 290 3571 devocio
308 3505 519 3586 antiquorum
542 3500 583 3562 ad
606 3501 719 3563 Divini
741 3499 850 3564 cultus
871 3510 1088 3587 augmentum
1103 3506 1306 3588 laboraverit,
1332 3502 1389 3548 ¹¹⁰¹
1332 3567 1418 3607 erton
1390 3502 1433 3548 ¹¹⁰¹
1411 3517 1450 3549 ¹⁰¹¹

157 3622 320 3688 quamque
335 3598 566 3663 laudabiliter
556 3618 592 3659 m
610 3597 729 3660 Divino
752 3597 905 3681 obsequio
920 3601 1056 3664 assiduis
1072 3605 1250 3684 providerit
1266 3607 1305 3668 (16
1331 3623 1435 3668 renuene
1406 3636 1456 3668 666.

158 3700 329 3775 ministris,
344 3717 402 3779 qm
393 3694 637 3778 competentia
650 3694 830 3776 perciperet
840 3696 1022 3778 stipendia'
1013 3718 1048 3759 m
1064 3699 1159 3761 domo
1174 3701 1306 3765 Domini

157 3796 277 3859 cotidie
291 3794 525 3868 ministrantes,
541 3791 684 3873 scripta
675 3811 820 3873 1psorum
841 3793 955 3855 relicta
969 3796 1105 3875 posteris
1120 3797 1258 3860 edocent
1273 3803 1308 3860 et

157 3891 382 3955 scrutantibus
396 3887 618 3951 manifestant.
664 3887 723 3951 sel
744 3889 908 3951 modernis
924 3891 1124 3973 temporibus
1141 3893 1306 3974 effectum,

156 3986 255 4072 proch
282 3987 384 4064 dolor,
410 3984 506 4066 sopiri
531 3983 748 4066 conspicimus
773 3984 1042 4049 consideracionis
1066 3990 1209 4071 antiqnae
1235 4012 1307 4074 quae

156 4084 288 4148 realiter
302 4081 485 4145 continuari
501 4079 663 4162 disposuit
676 4076 744 4142 zelo
759 4079 821 4142 Dei
837 4082 1039 4144 sanctissime
1055 4084 1211 4165 ordinata,
1227 4088 1307 4149 dnm

213 4236 257 4305 (1)
275 4234 359 4289 From
376 4232 453 4286 other
469 4230 626 4286 documenta
645 4230 740 4286 Cenon
759 4230 846 4285 Rsine
864 4231 955 4285 makes
974 4239 1023 4287 out
1041 4233 1088 4288 the
1106 4237 1196 4290 words
1214 4243 1242 4290 to
1255 4237 1305 4290 be:

158 4312 364 4385 ‘mongontiae
381 4317 473 4367 autem
491 4309 684 4366 venerabilium
701 4317 811 4382 patrum
828 4310 1046 4383 coepiscoporum
1058 4319 1208 4368 nostrorum
1222 4317 1307 4370 ratifi-

157 4409 259 4459 eamus,
272 4391 366 4447 literas
383 4390 419 4445 ad
436 4388 464 4445 id
482 4406 619 4447 concessas
636 4388 681 4444 vel
691 4388 721 4444 in
738 4395 875 4455 posterum
891 4390 1083 4458 concedendas,
1095 4398 1168 4449 ratas
1179 4393 1308 4448 habentes

156 4477 258 4545 penter
269 4477 297 4527 et
307 4468 448 4542 receptae’
581 4482 584 4487 ·
