2992 5010
213 335 386 388 musaeus
411 336 510 388 FROM
536 336 632 388 YORK
657 336 867 403 REGISTER83
894 336 1131 389 ansanum).

95 502 186 564 modi
202 505 300 565 certis
314 504 369 566 die
384 509 418 568 et
434 504 513 583 loco,
525 524 606 587 qnos
621 503 737 567 adhoc
753 506 912 569 duxeritis
928 506 1148 591 assignandos,
1158 508 1193 567 et
1207 502 1247 566 ad

96 597 285 661 faciendum
301 600 439 662 ulterius
454 601 540 682 quod
554 603 745 664 canonicum
760 602 861 664 fuerit
878 604 914 664 in
929 601 988 664 hac
1003 608 1106 685 parte,
1121 622 1247 663 necnon

96 694 137 755 ad
153 694 362 758 referendum
377 697 470 760 nobis
485 700 521 773 in
536 699 666 780 scriptis
682 699 837 781 quicquid
852 699 1043 761 inveneritis
1058 704 1092 760 et
1106 697 1248 759 feceritis

97 790 132 851 in
153 792 340 874 praemissis,
364 794 548 856 vobiscum
571 799 733 876 potestate
757 794 954 858 cohercionis
977 796 1138 856 canonicae
1161 814 1248 854 com-

97 888 264 949 mittimus
294 889 381 950 vices
411 895 547 953 nostras.
594 881 733 953 ‘Valete
791 890 866 954 Dat.
896 891 983 974 apud
1014 890 1149 966 Wilton,
1180 887 1245 970 xvij

98 981 205 1045 Kal'n.
229 983 417 1065 Novembr„
439 986 535 1047 Anno
556 986 673 1069 graciae
695 987 815 1049 M⁰ccc⁰
830 991 932 1067 sexto,
948 994 982 1049 et
1004 985 1122 1069 pontif.
1146 985 1248 1046 nostri

96 1097 213 1160 prrmo.

162 1223 361 1304 Willelmus,
391 1231 454 1290 etc.
484 1227 643 1290 dilecto'
633 1248 668 1289 ιιι
700 1227 828 1293 Christo
850 1229 929 1310 filio,
959 1228 1090 1291 domino
1120 1227 1247 1312 Rogero
1270 1195 1401 1313 &ww

97 1319 211 1404 Swayn
244 1324 397 1385 canonico
419 1323 544 1406 Ripon’,
568 1324 719 1402 salutem,
740 1325 894 1407 graciam,
917 1331 952 1387 et
973 1324 1306 1391 benediccionemc
1271 1325 1371 1373 00··t1⁶

96 1418 145 1480 De
161 1424 220 1481 tua
234 1421 467 1502 circumspecta
483 1421 644 1482 industria
657 1422 857 1483 confidentes
879 1421 919 1483 ad
942 1421 1173 1503 inquirendum
1188 1440 1311 1509 parm
1272 1406 1348 1451 ‘⁴⁹⁵¹'
1311 1421 1401 1509 ”’9.·

96 1515 182 1577 viros
213 1515 393 1598 fidedignos
422 1516 507 1578 nulli
538 1522 718 1598 suspectos,
748 1518 783 1578 in
813 1538 878 1598 quo
908 1523 995 1579 statu
1021 1517 1182 1579 Patricius
1206 1515 1314 1578 deuo
1271 1531 1389 1627 qm?

98 1610 281 1675 Brafferton
303 1610 463 1694 hospitale
478 1614 588 1675 Beatae
608 1614 721 1676 Mariae
744 1613 947 1696 Magdalenae
970 1613 1086 1696 Ripon’
1100 1618 1245 1694 tempore
1270 1642 1297 1686 d,
1308 1599 1360 1686 ᾗῇ,
1335 1597 1418 1703 ζμ.

97 1707 263 1791 ingressus
289 1709 339 1770 sui
361 1714 538 1790 receperat,
553 1715 588 1771 et
611 1729 683 1792 quae
706 1709 789 1771 bona
811 1716 846 1771 et
868 1711 908 1771 ad
930 1716 1090 1792 quantum
1107 1709 1246 1770 valorem
1270 1706 1355 1803 {gam
1338 1715 1396 1759 Ψ

96 1807 167 1866 tam
183 1804 230 1867 ibi
246 1824 345 1887 qnam
359 1806 445 1886 apud
468 1804 647 1868 Mulewath
670 1811 706 1866 et
721 1805 800 1867 locis
814 1805 888 1867 aliis
903 1807 1067 1888 adipsum
1082 1803 1245 1886 hospitale
1270 1818 1383 1923 ιιιιιι
1328 1819 1383 1862 ιιιιι

99 1900 322 1982 spectantibus
351 1906 425 1984 post
455 1903 634 1965 cessionem
672 1922 731 1963 seu
768 1903 1024 1985 resignacionem
1055 1899 1167 1964 Jacobi
1204 1878 1313 1961 dem¹

98 1995 266 2059 Cimiterio
281 1996 474 2076 existebant,
490 2019 562 2080 quae
585 1999 688 2059 eciam
711 1997 796 2059 bona
817 2017 904 2059 nunc
926 1999 963 2058 in
985 1998 1073 2059 dicto
1093 1994 1247 2076 hospitali

97 2098 132 2154 et
147 2092 227 2154 locis
242 2093 315 2155 aliis
331 2094 398 2155 ad
388 2114 495 2176 ipsum
513 2094 735 2177 spectantibus
759 2094 826 2156 sint
840 2095 968 2176 propria
983 2092 1117 2154 Patricii
1132 2097 1167 2152 et
1182 2111 1247 2172 quo

93 2187 180 2271 jure,
195 2209 267 2270 quas
291 2190 394 2251 eciam
416 2187 584 2273 hospitalis
599 2191 756 2273 praedicti,
772 2196 807 2252 et
829 2191 869 2252 de
892 2190 964 2251 aliis
987 2187 1243 2250 circumstanoiis

97 2286 132 2346 in
146 2282 208 2347 bac
223 2291 315 2368 parte
331 2288 524 2368 quaerendis,
540 2287 630 2349 etad
646 2286 854 2348 referendum
870 2287 962 2348 nobis
978 2286 1013 2346 in
1030 2284 1167 2365 scriptis,
1183 2283 1244 2346 sub

96 2385 155 2443 tuo
173 2386 209 2443 et
231 2383 544 2447 contestificancium
567 2384 761 2445 nominatim
777 2404 998 2465 expressorum
1023 2380 1139 2465 sigillis
1154 2381 1245 2462 quic·
1289 2452 1298 2462 ,

96 2478 175 2560 quid
190 2478 381 2540 inveneritis
397 2480 431 2540 in
447 2478 507 2542 hac
522 2485 625 2562 parte,
640 2500 676 2542 ac
697 2480 798 2541 eciam
814 2501 886 2561 quae
900 2479 985 2541 bona
1006 2483 1114 2540 custos
1136 2474 1246 2559 hospi·

95 2574 171 2636 talis
185 2575 345 2657 praedicti,
361 2576 430 2657 ipso
445 2577 587 2661 ¹cedente
603 2577 654 2639 vel
670 2576 859 2654 decedente,
882 2577 917 2637 in
939 2575 1027 2636 dicto
1041 2572 1195 2655 hospitali
1212 2578 1247 2635 et

95 2670 174 2733 locis
189 2671 340 2734 omnibus
363 2673 403 2734 ad
424 2672 506 2735 illud
523 2674 745 2756 spectantibus
760 2673 926 2734 dimittere
943 2675 1105 2748 teneatur,
1122 2673 1246 2731 etcum

96 2771 278 2849 potestate
290 2766 489 2831 cohercionis
519 2770 691 2845 canonicae,
721 2769 958 2830 committimus
988 2768 1073 2828 vices
1107 2772 1245 2829 nostras.

95 2862 221 2927 Valete.
267 2864 342 2928 Dat.
367 2865 453 2948 apud
476 2864 612 2942 Wilton,
628 2865 692 2948 xvij
685 2864 818 2928 Kal‘m
834 2863 1006 2926 Novembr.
1009 2867 1124 2947 ,.pont
1141 2864 1244 2925 nostri

95 2978 181 3022 anno
201 2960 316 3041 primo.

160 3105 346 3168 Willelmus
348 3107 583 3189 ,permissione
598 3106 727 3184 Divina,
743 3111 805 3168 etc.
820 3106 973 3168 dilectis
965 3126 999 3166 m
1027 3103 1154 3168 Christo
1170 3102 1245 3165 filiis
1271 3117 1328 3175 (ιι)

95 3200 267 3279 militibus,
282 3201 384 3265 libere
407 3203 609 3279 tenentibus,
626 3202 852 3278 servientibus,
868 3201 1059 3283 praepositis,
1075 3205 1110 3260 et
1131 3199 1246 3259 minis·
1269 3187 1321 3281 0·ct
1296 3117 1398 3281 ’Ἐπ’

94 3297 154 3359 tris
179 3299 298 3360 nostris
325 3299 475 3360 omnibus
504 3304 540 3360 et
563 3297 701 3382 singulis
727 3318 785 3380 per
810 3298 963 3359 ballivam
993 3302 1029 3357 et
1058 3296 1244 3356 libertatern
1272 3313 1364 3360 οιιιιιι

95 3399 239 3456 nostram
249 3394 374 3477 Rypon'
388 3396 588 3471 constrtutrs,
600 3393 739 3456 salutem
742 3394 916 3477 ,graciam
927 3399 961 3454 et
970 3390 1244 3453 benedrccronem
1268 3374 1384 3478 J‘sslffl
1340 3433 1375 3479 11

96 3490 178 3564 Quia
192 3491 233 3553 de
248 3491 411 3553 industria
426 3497 461 3553 et
475 3490 634 3554 fidelitate
656 3489 770 3553 dilecti
786 3497 821 3552 et
842 3490 947 3551 fidelis
969 3489 1071 3550 nostri
1087 3484 1243 3569 Stephani
1268 3493 1376 3597 Am?

95 3586 134 3647 de
161 3586 255 3648 Bella
278 3587 370 3669 Aqua
392 3587 521 3669 plenius
543 3587 887 3668 confidentes,'1psum
910 3584 1073 3646 Ballivum
1095 3588 1244 3645 nostrum
1268 3550 1384 3671 affl*

94 3681 210 3764 Ripon’
225 3688 260 3745 et
284 3682 446 3745 libertatis
473 3682 619 3766 ejusdem
635 3703 711 3744 cum
735 3682 888 3744 omnibus
912 3681 977 3742 suis
1000 3679 1154 3741 membris
1169 3700 1246 3741 con·

95 3779 264 3842 stituimus
286 3800 345 3861 per
367 3787 555 3861 praesentes,
578 3778 669 3840 vobis
691 3779 884 3840 mandamus
908 3766 1062 3858 quatinus
1079 3775 1218 3837 eidem
1208 3795 1244 3835 ιιι

93 3875 244 3937 omnibus
259 3896 331 3958 quae
353 3875 523 3958 praedictas
545 3874 700 3937 ballivam
716 3881 751 3936 et
777 3874 965 3935 libertatem
987 3893 1064 3934 cum
1087 3871 1243 3933 membris

94 3972 160 4032 suis
175 3971 424 4053 quibuscunque
447 3972 658 4054 contingunt,
675 3971 747 4032 sitis
770 3969 981 4032 intendentes
997 3969 1181 4049 prompcius
1204 3970 1244 4027 nt

92 4065 221 4145 ballivo,
252 4069 300 4130 ita
327 4068 412 4150 quod
439 4074 580 4129 vestram
610 4067 903 4150 promptitudinem
933 4066 1094 4146 possimus
1125 4064 1243 4124 merito

92 4162 327 4227 commendare.
372 4164 412 4225 In
436 4162 531 4245 cujus
560 4164 608 4225 rei
635 4162 862 4224 testimonium
891 4160 1003 4222 literas
1029 4165 1154 4221 nostras
1181 4156 1244 4219 sibi

91 4257 163 4321 fieri
190 4258 327 4322 fecimus
357 4257 415 4321 has
441 4266 602 4342 patentes.
649 4258 774 4319 Valete.
820 4258 895 4319 Dat.
924 4255 1010 4338 apud
1033 4255 1167 4330 Wiltcn,
1189 4251 1241 4332 xvj

94 4354 201 4417 Kal'n.
224 4354 397 4418 Novembr.
414 4355 508 4419 Anno
522 4355 637 4439 graciae
653 4354 756 4416 Mill'o
771 4361 860 4416 cccm⁰
876 4358 976 4429 sexto,
992 4356 1026 4413 et
1037 4356 1126 4432 pont.
1142 4347 1245 4410 nostri

93 4470 208 4532 primo
