2992 5010
180 356 355 409 excellens
381 355 478 408 FROM
504 353 600 405 YORK
627 352 838 417 audisses&
876 351 1087 404 coenamus.

61 526 212 611 originali
229 545 325 608 super
340 522 400 586 hoc
416 523 556 586 dominis
572 521 713 584 Robcrto
736 521 776 582 de
792 521 945 599 Boulton,
960 521 1057 583 Petro
1073 519 1211 598 Belrard,

62 631 98 686 et
121 620 296 704 Radulpho
320 621 360 682 de
388 619 517 696 Dalton,
539 618 732 702 justiciariis
759 616 799 678 ad
824 618 856 678 id
878 638 936 699 per
958 620 1064 699 ipsum
1087 618 1211 700 Regem

63 718 245 802 specialiter
272 717 446 799 deputatis,
470 717 593 777 directo
618 715 789 776 contentis.
836 715 877 775 Et
908 715 982 775 ideo
1008 713 1097 774 vobis
1121 734 1213 775 man-

62 816 189 892 damus,
205 814 291 897 quod
314 834 388 875 cum
411 812 556 894 praedicti
580 812 753 887 bobertus,
770 810 899 885 Petrus,
916 816 950 871 et
967 808 1156 892 Radulphus
1170 809 1211 871 ad

63 919 172 994 partes
202 911 274 979 illas
305 910 464 985 venerint,
488 928 583 989 super
614 905 799 988 hujusmodi
829 906 974 967 articulis
1004 905 1131 987 plenius
1160 907 1212 967 in-

64 1009 201 1090 quiratis
216 1007 294 1068 inde
318 1006 403 1088 quod
427 1005 469 1066 ad
488 1005 656 1086 justiciam
681 1004 826 1085 pertinet
849 1002 1027 1063 secundum
1050 1002 1157 1086 legem
1178 1008 1213 1066 et

63 1104 334 1166 consuetudinem
349 1102 442 1185 regni
460 1100 585 1183 Angliae
600 1105 635 1160 et
659 1098 819 1160 libertatis
842 1103 958 1160 nostrae
975 1099 1101 1180 Ripon’,
1118 1100 1213 1161 salvis

62 1200 158 1261 nobis
182 1198 442 1260 amerciamentis
473 1205 536 1258 etc.
582 1197 621 1256 In
652 1195 744 1276 cujus
775 1195 821 1255 rei
846 1196 1073 1256 testimonium
1103 1195 1213 1258 literas

62 1304 189 1357 nostras
210 1295 300 1356 vobis
325 1293 394 1355 lieri
417 1293 555 1354 fecimus
577 1290 635 1353 has
658 1298 818 1373 patentes
863 1291 990 1353 Valete.
1036 1292 1110 1354 Dat.
1126 1295 1213 1374 apud

64 1390 189 1466 Cawod,
214 1388 263 1451 v‘¹‘¹
286 1390 371 1452 Non.
399 1388 528 1452 Octobr.
560 1389 654 1449 Anno
684 1388 801 1469 gradae
825 1387 885 1448 M0.
916 1393 992 1448 ccc⁰.
1020 1395 1054 1448 et
1080 1388 1213 1469 pontifi-

63 1494 157 1550 catus
173 1493 236 1548 etc.

131 1678 299 1741 Universis
326 1675 445 1740 Christi
474 1676 620 1738 fidelibus
645 1676 685 1738 ad
710 1696 789 1757 quos
816 1681 989 1758 praescntes
1013 1677 1115 1739 literae
1137 1697 1211 1759 pcr-
1236 1668 1321 1757 (⁷82)

63 1776 226 1838 veneunt.
271 1774 389 1836 Pateat
412 1794 470 1855 per
496 1772 625 1835 easdem
656 1772 741 1854 quod
771 1773 969 1833 constitutus
1000 1774 1211 1854 personaliter
1235 1741 1366 1856 1111111101

64 1891 173 1933 coram
197 1870 289 1932 nobis
315 1868 448 1945 Thoma,
474 1868 535 1931 Dei
564 1869 671 1951 gracia
697 1869 793 1929 Ebor.
816 1866 1063 1949 archiepiscopo,
1087 1868 1211 1951 Angliae
1240 1882 1366 1929 ordinacio

63 1968 215 2050 primate,
230 1965 368 2027 dilectus
383 1965 470 2026 filius
491 1964 642 2025 dominus
659 1963 843 2025 Willelmus
858 1964 897 2025 de
914 1964 1088 2041 Somerset,
1104 1972 1212 2026 custos
1233 1941 1364 2058 {iffi-⁵⁰⁸⁹

64 2061 236 2145 hospitalis
251 2062 361 2124 Sancti
377 2060 399 2124 J
400 2059 535 2122 ohannis
550 2059 674 2142 Rypon’
689 2060 867 2122 custodiam
883 2057 1053 2140 hospitalis
1062 2060 1213 2147 praedioti
1237 2059 1325 2161 {2⁶¹⁶
1339 2117 1344 2129 ,

64 2180 147 2242 pure
173 2164 288 2240 sponte
313 2163 348 2219 et
372 2157 562 2239 simpliciter
576 2157 611 2217 in
635 2158 753 2217 nostris
778 2155 929 2217 manibus
944 2156 1133 2237 resignavit,
1148 2177 1213 2239 qua
1238 2133 1355 2236 ipim

64 2255 288 2340 resignacione
304 2255 350 2315 sic
365 2252 460 2329 facta,
475 2252 619 2334 reliquit,
633 2252 734 2328 dedit,
750 2252 937 2335 assignavit,
949 2257 984 2312 et
999 2252 1139 2314 contulit
1154 2274 1212 2336 pro
1238 2261 1304 2307 will.
1315 2263 1344 2308 de

66 2351 173 2413 salute
188 2352 306 2412 animae
321 2369 386 2411 suae
401 2369 439 2411 ac
454 2369 511 2430 pro
532 2349 641 2410 anima
655 2349 817 2430 quondam
833 2347 969 2408 Walteri
992 2348 1023 2410 le
1040 2348 1162 2412 Botiler
1178 2356 1212 2412 et
1236 2320 1354 2426 &snper-sot

66 2446 238 2509 animabus
270 2447 418 2508 onmium
447 2444 594 2506 fidelium
624 2444 849 2506 defunctorum
879 2441 1030 2525 hospitali
1061 2446 1213 2527 praedicto
1236 2440 1327 2495 ⁸³1⁰&

69 2543 233 2604 sexdecim
259 2541 356 2603 boves
380 2561 436 2623 pro
460 2540 659 2623 agricultura
683 2540 829 2622 ejusdem
854 2544 889 2600 et
912 2540 992 2601 duos
1019 2561 1117 2623 equos
1141 2563 1215 2604 cum
1238 2499 1391 2616 ilidii&

69 2637 197 2700 duobus
226 2637 340 2698 aratris
364 2642 398 2698 et
421 2636 537 2697 attill’¹
560 2657 597 2698 ac
620 2637 721 2698 eciam
737 2655 840 2697 unum
855 2635 1037 2717 plaustrum
1059 2643 1094 2699 ct
1117 2659 1216 2700 unam
1239 2621 1375 2733 Quem·

69 2738 230 2795 carectam
256 2752 331 2794 cum
357 2730 449 2794 ferris
475 2735 512 2793 et
535 2733 614 2793 totis
637 2731 737 2793 actill’
763 2731 877 2792 usibus
903 2752 1083 2814 pauperum
1108 2741 1142 2797 et
1166 2736 1216 2796 in·

69 2828 236 2889 firmorum
251 2828 330 2889 dicti
354 2825 524 2909 hospitalis
549 2827 687 2889 totidem
709 2846 846 2889 numero
871 2833 905 2889 et
929 2829 1159 2910 aequivalencia
1181 2831 1216 2891 in

70 2925 258 2987 mutacione
286 2923 457 2986 custodum
485 2923 606 2986 ibidem
637 2929 794 3006 perpetuo
823 2925 1029 3002 remanendi,
1053 2932 1168 3008 petens
1199 2947 1218 2988 a

71 3019 165 3082 nobis
191 3017 361 3081 humiliter
391 3025 430 3080 ut
459 3018 697 3080 ordinacionem
728 3024 870 3081 nostram
901 3041 997 3102 super
1024 3019 1083 3082 hoc
1113 3021 1217 3083 iacere

71 3114 291 3199 dignaremur.
335 3114 403 3176 Nos
425 3115 535 3197 itaque
550 3114 696 3176 volentes
718 3113 858 3176 utilitati
879 3113 1048 3196 hospitalis
1070 3117 1217 3197 praedicti
1240 3129 1392 3176 Woeonnnn

71 3198 409 3294 patcmisaffectibus
430 3211 608 3292 providere,
623 3210 832 3272 attendentes
856 3212 957 3272 eciam
982 3211 1067 3292 quod
1087 3211 1216 3292 justum
1240 3189 1365 3307 {mm

73 3308 217 3389 petentis
246 3306 444 3369 desiderium
475 3307 626 3368 convenit
656 3305 777 3367 effectu
807 3308 1015 3390 prosequenti
1052 3307 1217 3389 compleri,

74 3403 153 3468 dicti
176 3403 301 3465 domini
326 3401 483 3463 Willelmi
507 3402 664 3463 instancia
694 3406 728 3463 et
757 3402 906 3483 precibus
937 3403 1080 3481 excitati,
1107 3405 1152 3466 sic
1183 3405 1217 3466 in

74 3499 135 3562 Dei
158 3499 291 3561 nomine
317 3499 503 3561 ordinamus
529 3503 563 3561 et
587 3498 803 3574 decernimus,
824 3498 1001 3560 ordinando
1024 3501 1109 3580 quod
1136 3521 1219 3583 prae-

73 3596 172 3657 missa
186 3595 320 3658 donacio
343 3615 380 3656 ac
395 3594 546 3657 voluntas
561 3594 640 3655 dicti
657 3592 813 3655 Willelmi
838 3594 872 3655 in
897 3595 947 3655 sui
972 3593 1076 3658 forma
1099 3599 1219 3680 imper-

74 3698 223 3775 petuum,
238 3697 274 3754 et
294 3691 335 3754 ab
356 3691 507 3754 omnibus
528 3690 647 3752 futuris
669 3691 750 3752 dicti
771 3688 940 3772 hospitalis
959 3693 1146 3756 custodibus
1170 3695 1221 3756 in·

75 3786 270 3850 violabiliter
299 3785 497 3864 observetur,
523 3790 562 3848 ut
591 3786 744 3848 videlicet
775 3786 915 3869 quilibet
944 3795 1052 3850 custos
1075 3791 1131 3871 qui
1162 3811 1220 3873 pro
1244 3808 1370 3854 andorra

75 3886 221 3965 tempore
252 3881 365 3960 fucrit,
389 3903 463 3944 cum
485 3882 617 3964 aliquod
648 3888 747 3964 caput
769 3883 810 3944 de
832 3883 1028 3945 animalibus
1059 3887 1220 3967 praedictis
1244 3868 1397 3938 ‘mm

75 3978 213 4043 deficere
235 3979 287 4042 vcl
310 3980 444 4041 interire
467 3979 651 4062 contigerit,
667 3979 779 4040 stat-im
802 3979 871 4041 loco
893 3979 1039 4062 ejusdcm
1056 3981 1220 4066 subrogari
1244 3940 1365 4030 1111111111

74 4075 172 4139 faciat
193 4093 287 4158 aeqne
307 4074 441 4137 bonum.
486 4075 531 4136 Et
561 4093 636 4135 cum
666 4075 755 4136 idern
786 4081 895 4136 custos
927 4077 1141 4149 cesseritvel.
1165 4043 1390 4160 (1(-111111111610

76 4173 219 4250 cesserit,
233 4175 285 4234 tot
306 4169 415 4247 boves,
438 4190 547 4252 equos,
569 4174 684 4247 aratra,
706 4170 887 4252 plaustrum
911 4177 946 4232 et
967 4178 1135 4252 carectam,
1159 4174 1223 4237 fer·
1245 4161 1304 4222 ‘¹¹⁰5
1315 4160 1366 4208 Μ·

75 4272 146 4331 rata
166 4267 332 4350 predicta,
355 4270 390 4328 et
412 4285 487 4328 cum
510 4257 665 4328 omnibus¹
682 4266 778 4327 attill’
793 4267 826 4327 in
849 4267 930 4329 adeo
953 4267 1037 4330 bono
1057 4275 1144 4333 statu
1160 4293 1223 4354 quo

130 4402 175 4473 (1)
194 4399 342 4467 Attileum,
359 4399 502 4468 Attilium,
520 4399 743 4468 Attilamentum,
763 4407 814 4454 etc·
832 4417 877 4454 are
896 4403 1043 4457 connected
1056 4403 1123 4456 with
1135 4404 1224 4459 Attil-

76 4479 150 4551 lsris,
161 4483 316 4555 apparatus,
327 4474 440 4535 varlilrs
452 4495 482 4533 or
492 4478 630 4551 peacet'ul3
643 4494 660 4532 a
671 4478 748 4532 word
759 4478 790 4532 ol
799 4480 938 4535 uncertain
949 4480 1108 4536 derivation.
