2992 5010
152 319 326 373 nxrascrs
351 321 449 374 raon
474 322 572 375 romi
597 323 809 391 sucurram
835 324 1021 377 munnucs
1047 325 1174 379 soors.
1343 306 1415 380 159

88 486 254 570 proficuis,
269 494 304 551 et
318 491 529 571 pertinenciis
544 493 610 553 suis
632 493 806 576 praedietis,
822 494 863 556 ad
878 495 1057 556 terminum
1072 495 1149 557 vitae
1164 514 1240 571 suae,

89 584 255 647 reddendo
270 587 346 648 inde
357 587 451 649 nobis
461 594 495 650 et
504 590 739 651 successoribus
750 591 868 652 nostris
878 591 973 653 Ebor.
983 588 1242 673 archiepiscopis,

89 701 190 742 unam
220 702 325 744 rosam
356 685 489 746 rubeam
513 684 554 746 ad
583 684 703 748 festum
726 685 916 748 Nativitatis
947 687 1056 749 Sancti
1083 685 1242 749 Jchannis
1265 687 1401 735 Areum

90 777 259 859 Baptistae.
305 779 348 840 Et
373 781 548 861 praedictus
572 781 725 843 dominus
739 782 802 860 W,
825 781 987 844 firmarius
1009 782 1136 859 domus,
1151 802 1243 843 man-
1265 745 1416 863 iiidlihn

93 874 210 951 siones,
225 874 371 954 aedificis,
388 882 424 938 et
438 877 601 938 clausuras
615 877 826 960 gardinorum
844 879 1070 960 praedictorum
1085 899 1160 940 curn
1176 878 1242 939 suis
1267 863 1330 925 ⁰⁸5·

90 969 303 1051 pertinenciis
323 971 594 1054 quibuscumque,
610 973 796 1056 sumptibus
812 975 880 1035 suis
895 974 1032 1056 propriis
1047 978 1082 1036 et
1096 974 1244 1056 expensis

90 1065 255 1145 reparabit
281 1070 315 1127 et
337 1067 546 1143 sustentabit,
569 1067 708 1130 durante
730 1074 801 1131 tota
823 1071 891 1131 vita
913 1090 972 1131 sua
992 1069 1156 1152 praedicta.
1203 1069 1244 1132 In

91 1159 186 1242 cujus
208 1163 254 1222 rei
278 1164 503 1225 testimonium
527 1164 672 1247 sigillum
696 1171 843 1228 nostrum
866 1164 1003 1228 fecimus
1027 1163 1091 1227 hiis
1114 1166 1243 1248 apponi.

91 1256 169 1319 Dat.
184 1257 219 1318 in
235 1260 380 1320 manerio
395 1264 505 1321 nostro
521 1258 690 1338 Suthvell,
705 1282 791 1324 nono
805 1262 859 1323 die
874 1263 996 1323 mensis
1007 1261 1138 1344 Aprilis,
1150 1263 1245 1323 Anno

90 1353 225 1415 Domini
239 1354 414 1416 Millesimo
423 1376 494 1417 cccc
506 1356 617 1433 lxxix⁰‚
629 1362 664 1419 et
674 1362 792 1420 nostrae
801 1357 1026 1420 translacionis
1037 1378 1123 1420 anno
1133 1357 1243 1420 tercio.

160 1550 368 1629 Laurencius,
391 1557 455 1613 etc.
478 1551 607 1615 dilectis
630 1553 664 1614 in
688 1551 817 1617 Christo
838 1553 914 1615 filiis
936 1553 1091 1637 magistro
1114 1559 1149 1617 et
1171 1574 1247 1617 con·
1270 1567 1358 1627 (sss.)

91 1643 246 1708 fratribus
261 1644 430 1728 hospitalis
449 1648 574 1710 Sanctae
589 1649 702 1710 Mariae
717 1649 919 1732 Magdalenae
934 1649 974 1711 de
992 1649 1117 1731 Ripcn’,
1128 1653 1245 1711 nostrae
1268 1626 1398 1745 &2⁷²

92 1743 189 1805 Ebor.
212 1743 368 1819 dioecesis,
391 1744 541 1822 salutem,
556 1745 708 1828 graciam,
724 1750 758 1807 et
780 1745 1053 1807 benediccionem.
1099 1745 1192 1821 Quia,
1207 1748 1247 1807 ut
1270 1769 1401 1816 emuna

92 1840 287 1922 accepimus,
318 1838 472 1922 hospitali
501 1842 666 1923 praedicto,
692 1841 917 1923 domibusque,
947 1841 1101 1917 aediliciis,
1129 1840 1247 1923 imple-
1270 1830 1395 1933 mm

93 1937 226 2013 mentis,
257 1942 291 1997 et
321 1939 521 1999 ornamentis
556 1938 663 1999 eidem
695 1935 847 2019 hospitali
885 1937 1136 2019 pertinentibus,
1166 1938 1248 1998 circa
1270 1944 1392 2006 Λωρὶωἱὲε

93 2033 313 2114 reparaciones
335 2040 371 2095 et
392 2033 454 2094 alia
481 2035 671 2111 necessaria,
696 2033 805 2115 plures
829 2034 864 2094 in
891 2034 1042 2115 praesenti
1072 2033 1249 2095 imminent
1273 2005 1367 2108 {iffi

93 2126 251 2205 defectus,
267 2127 385 2209 quibus
400 2130 464 2190 nisi
479 2130 579 2191 cicius
600 2130 906 2206 construccionibus‚
927 2128 1197 2210 reparacionibus,
1213 2131 1249 2189 et
1271 2119 1416 2226 {siddim

93 2223 167 2286 aliis
188 2225 377 2285 necessariis
400 2232 594 2302 occurratur,
615 2223 709 2306 plura
730 2225 942 2301 incommoda,
959 2225 1110 2307 dampna,
1133 2229 1168 2286 et
1189 2224 1247 2286 de-
1296 2195 1367 2240 ‘1³⁰¹-

94 2322 252 2384 trimenta
281 2321 414 2412 praefato
438 2320 591 2404 hospitali
617 2323 838 2385 verisimiliter
863 2323 1007 2384 accidere
1031 2326 1189 2405 poterunt
1212 2322 1247 2383 in

93 2419 262 2493 futurum;
284 2418 489 2480 intendimus
510 2420 623 2501 igitur,
640 2439 697 2500 per
719 2418 781 2481 Dei
803 2419 957 2502 graciam,
972 2419 1017 2479 νιο
1038 2418 1092 2480 die
1106 2417 1248 2502 Augusti

94 2534 184 2595 prox.
206 2513 318 2576 futuro
338 2519 413 2596 post
436 2515 545 2576 datam
560 2515 784 2596 praescncium‚
800 2535 856 2577 vos
872 2516 907 2576 in
923 2512 1076 2597 hospitali
1093 2515 1249 2597 praedicto
1271 2521 1328 2585 (at)

94 2612 136 2673 ad
166 2612 403 2692 praemissorum
440 2618 475 2673 et
510 2612 648 2673 aliorum
683 2613 936 2674 necessariorum
973 2611 1249 2697 reformacionem‚

95 2708 338 2784 correccionem,
355 2713 389 2768 et
405 2708 669 2769 emendacionem
686 2709 820 2786 intueri,
835 2729 872 2770 ac
893 2708 1093 2771 visitacionis
1108 2709 1250 2772 officinm

93 2802 180 2885 apud
216 2822 272 2864 vos
301 2803 445 2884 paternis
474 2801 645 2866 affectibus
675 2823 834 2881 exercere,
864 2825 963 2886 quare
993 2804 1083 2867 vobis
1112 2804 1251 2867 auctori·

94 2904 164 2960 tate
187 2902 296 2959 nostra
318 2899 478 2960 ordinaria
498 2898 703 2983 injungimus
726 2904 760 2962 et
782 2901 983 2978 mandamus,
1005 2920 1123 2982 vosque
1138 2906 1250 2963 tenore

95 2995 309 3077 praesencium
347 2997 563 3076 peremptorie
605 2997 755 3073 citamus,
784 2997 939 3078 quatinus
975 3016 1031 3057 vos
1068 3016 1180 3058 omnes
1217 3002 1252 3058 et

97 3090 219 3173 singuli
244 3091 341 3153 dictis
368 3090 421 3152 die
446 3098 481 3153 et
507 3091 589 3168 loco,
612 3113 719 3154 coram
743 3091 836 3153 nobis
862 3112 919 3153 seu
946 3079 1163 3153 commissario
1192 3098 1251 3153 aut

96 3187 325 3249 commissariis
339 3188 458 3248 nostris
479 3187 626 3269 pluribus
641 3193 701 3249 aut
716 3207 780 3249 nnc
795 3188 830 3248 in
847 3207 885 3248 ea
898 3192 990 3268 parte
1013 3186 1170 3268 deputato
1193 3205 1251 3247 seu

97 3282 263 3363 deputatis
298 3284 519 3364 compareatis
550 3288 585 3344 et
615 3287 756 3344 vestram
787 3282 929 3344 votivam
958 3282 1167 3365 praesenciam
1196 3301 1252 3343 ex·
1289 3337 1296 3352 ,

97 3377 248 3456 hibeatis,
264 3379 462 3440 visitacionis
478 3383 596 3440 nostrae
611 3378 763 3455 officium,
779 3383 951 3460 nostraque
968 3377 1109 3439 salubria
1116 3377 1251 3456 monita,

97 3478 325 3554 correcciones,
341 3476 599 3554 reformacicnes,
610 3481 645 3539 et
656 3475 721 3538 alia
735 3496 947 3559 qnaecumque
958 3475 1161 3558 injungenda
1169 3477 1253 3538 circa

97 3575 318 3655 reparaoiones
333 3573 501 3655 praedictas
515 3573 696 3635 necessaria
711 3576 747 3634 et
761 3577 928 3653 oportuna,
944 3571 1055 3632 debita
1078 3577 1113 3633 et
1134 3572 1253 3634 devota

97 3671 283 3732 reverencia
297 3668 468 3731 humiliter
484 3669 624 3731 subituri
640 3674 675 3731 et
689 3669 852 3751 recepturi
867 3688 905 3729 ac
920 3667 1043 3729 eisdem
1054 3669 1253 3746 consensuri,

98 3765 280 3847 exquibus
303 3764 447 3827 fructum
470 3765 628 3847 producat
654 3763 855 3837 Altissimns‚
881 3763 938 3845 qui
965 3763 1066 3841 vobis,
1093 3764 1178 3825 sicut
1199 3765 1252 3846 pie

97 3863 259 3945 cupimus,
276 3860 421 3944 proficiat
443 3861 484 3923 ad
508 3861 668 3935 salutem3
691 3859 867 3922 confratres
881 3861 1014 3942 insuper
1028 3862 1151 3921 vestros
1166 3880 1254 3921 nunc

99 3958 261 4035 absentes,
286 3958 313 4018 si
336 3958 393 4038 qui
416 3957 494 4034 sint,
516 3956 573 4038 qui
595 3956 631 4016 in
654 3955 898 4017 visitacionibus
913 3953 1099 4038 hujusmodi
1115 3954 1256 4017 debeant

99 4058 135 4114 et
149 4059 385 4115 consueverant
398 4054 566 4130 interesse,
581 4050 708 4113 faciatis
723 4049 834 4112 debite
849 4049 1049 4133 praemuniri,
1059 4050 1145 4131 quod
1159 4049 1256 4111 dictis

99 4150 153 4211 die
170 4156 205 4211 et
219 4150 288 4212 loco
301 4170 367 4212 una
377 4150 542 4211 vobiscum
554 4149 719 4224 intersint,
731 4145 848 4208 facturi
858 4150 894 4208 et
903 4145 1065 4228 recepturi
1077 4146 1255 4208 secundum

100 4246 293 4326 qualitatem
324 4246 561 4327 praemissorum
591 4243 677 4325 quod
702 4241 838 4325 justicia
862 4240 1022 4318 suadebit,
1052 4246 1088 4303 et
1116 4262 1175 4303 nos
1198 4262 1256 4303 seu

101 4343 356 4404 commissarium
379 4348 438 4403 aut
460 4340 695 4402 commissarios
715 4343 974 4415 nortmannum
998 4342 1056 4399 ant
1076 4337 1197 4420 plures,
1214 4338 1254 4400 de

103 4439 191 4498 omni
217 4459 254 4499 eo
280 4439 367 4520 quod
391 4438 532 4498 feceritis
555 4437 590 4497 in
613 4435 799 4517 praemissis,
822 4452 888 4495 una
913 4453 989 4494 cum
1012 4434 1159 4494 omnium
1180 4453 1256 4495 con·
