<?xml version="1.0" encoding="UTF-8"?>
<!DOCTYPE html PUBLIC "-//W3C//DTD XHTML 1.0 Transitional//EN"
    "http://www.w3.org/TR/xhtml1/DTD/xhtml1-transitional.dtd">
<html xmlns="http://www.w3.org/1999/xhtml" xml:lang="en" lang="en">
 <head>
  <title>
</title>
<meta http-equiv="Content-Type" content="text/html;charset=utf-8" />
  <meta name='ocr-system' content='tesseract 3.04.00' />
  <meta name='ocr-capabilities' content='ocr_page ocr_carea ocr_par ocr_line ocrx_word'/>
</head>
<body>
  <div class='ocr_page' id='page_1' title='image "./memorialschurch04fowlgoog_0063.png"; bbox 0 0 2992 5010; ppageno 0'>
   <div class='ocr_carea' id='block_1_1' title="bbox 184 328 1392 415">
    <p class='ocr_par' dir='ltr' id='par_1_1' title="bbox 184 328 1392 415">
     <span class='ocr_line' id='line_1_1' title="bbox 184 328 1392 415; baseline 0.001 -15"><span class='ocrx_word' id='word_1_1' title='bbox 184 346 360 401; x_wconf 77' lang='grc' dir='ltr'><strong>ιιιιισιι</strong></span> <span class='ocrx_word' id='word_1_2' title='bbox 385 348 484 402; x_wconf 80' lang='lat' dir='ltr'>raon</span> <span class='ocrx_word' id='word_1_3' title='bbox 509 348 606 403; x_wconf 82' lang='lat' dir='ltr'>roan</span> <span class='ocrx_word' id='word_1_4' title='bbox 631 348 846 415; x_wconf 82' lang='lat' dir='ltr'>nnorsrans3</span> <span class='ocrx_word' id='word_1_5' title='bbox 885 349 1097 403; x_wconf 73' lang='lat' dir='ltr'>corrumpor.</span> <span class='ocrx_word' id='word_1_6' title='bbox 1345 328 1392 401; x_wconf 79' lang='lat'>47</span> 
     </span>
    </p>
   </div>
   <div class='ocr_carea' id='block_1_2' title="bbox 65 514 1218 1176">
    <p class='ocr_par' dir='ltr' id='par_1_2' title="bbox 65 514 1218 1176">
     <span class='ocr_line' id='line_1_2' title="bbox 65 514 1216 602; baseline -0.003 -23"><span class='ocrx_word' id='word_1_7' title='bbox 65 537 125 602; x_wconf 87' lang='lat' dir='ltr'>per</span> <span class='ocrx_word' id='word_1_8' title='bbox 139 515 249 579; x_wconf 88' lang='lat' dir='ltr'>visum</span> <span class='ocrx_word' id='word_1_9' title='bbox 264 514 422 580; x_wconf 87' lang='lat' dir='ltr'>bonorum</span> <span class='ocrx_word' id='word_1_10' title='bbox 436 515 607 580; x_wconf 90' lang='lat' dir='ltr'>hominum</span> <span class='ocrx_word' id='word_1_11' title='bbox 622 518 702 580; x_wconf 90' lang='lat' dir='ltr'>dicti</span> <span class='ocrx_word' id='word_1_12' title='bbox 717 515 865 580; x_wconf 88' lang='lat' dir='ltr'>defectus</span> <span class='ocrx_word' id='word_1_13' title='bbox 880 518 1078 581; x_wconf 88' lang='lat' dir='ltr'>sufficienter</span> <span class='ocrx_word' id='word_1_14' title='bbox 1092 515 1216 578; x_wconf 89' lang='lat' dir='ltr'>fuerint</span> 
     </span>
     <span class='ocr_line' id='line_1_3' title="bbox 65 613 1217 698; baseline -0.006 -19"><span class='ocrx_word' id='word_1_15' title='bbox 65 613 246 689; x_wconf 88' lang='lat' dir='ltr'>emendati,</span> <span class='ocrx_word' id='word_1_16' title='bbox 261 618 301 674; x_wconf 88' lang='lat' dir='ltr'>nt</span> <span class='ocrx_word' id='word_1_17' title='bbox 324 613 441 677; x_wconf 84' lang='lat' dir='ltr'>saltem</span> <span class='ocrx_word' id='word_1_18' title='bbox 466 615 555 678; x_wconf 88' lang='lat' dir='ltr'>dicto</span> <span class='ocrx_word' id='word_1_19' title='bbox 580 615 779 698; x_wconf 81' lang='lat' dir='ltr'>procuratori</span> <span class='ocrx_word' id='word_1_20' title='bbox 805 615 856 677; x_wconf 92' lang='lat' dir='ltr'>vel</span> <span class='ocrx_word' id='word_1_21' title='bbox 882 616 1013 677; x_wconf 90' lang='lat' dir='ltr'>domino</span> <span class='ocrx_word' id='word_1_22' title='bbox 1038 634 1096 675; x_wconf 93' lang='lat' dir='ltr'>suo</span> <span class='ocrx_word' id='word_1_23' title='bbox 1122 613 1217 674; x_wconf 90' lang='lat' dir='ltr'>satis-</span> 
     </span>
     <span class='ocr_line' id='line_1_4' title="bbox 67 708 1218 793; baseline -0.006 -18"><span class='ocrx_word' id='word_1_24' title='bbox 67 712 196 775; x_wconf 85' lang='lat' dir='ltr'>factum</span> <span class='ocrx_word' id='word_1_25' title='bbox 212 708 317 771; x_wconf 82' lang='lat' dir='ltr'>fuerit</span> <span class='ocrx_word' id='word_1_26' title='bbox 330 709 372 772; x_wconf 91' lang='lat' dir='ltr'>de</span> <span class='ocrx_word' id='word_1_27' title='bbox 387 710 522 790; x_wconf 91' lang='lat' dir='ltr'>eisdem,</span> <span class='ocrx_word' id='word_1_28' title='bbox 536 731 617 792; x_wconf 90' lang='lat' dir='ltr'>quos</span> <span class='ocrx_word' id='word_1_29' title='bbox 633 712 660 773; x_wconf 92' lang='lat' dir='ltr'>si</span> <span class='ocrx_word' id='word_1_30' title='bbox 676 711 781 773; x_wconf 85' lang='lat' dir='ltr'>dictus</span> <span class='ocrx_word' id='word_1_31' title='bbox 796 717 981 793; x_wconf 87' lang='lat' dir='ltr'>procurator</span> <span class='ocrx_word' id='word_1_32' title='bbox 996 709 1146 786; x_wconf 90' lang='lat' dir='ltr'>voluerit,</span> <span class='ocrx_word' id='word_1_33' title='bbox 1160 728 1218 790; x_wconf 88' lang='lat' dir='ltr'>per</span> 
     </span>
     <span class='ocr_line' id='line_1_5' title="bbox 68 804 1218 888; baseline -0.003 -20"><span class='ocrx_word' id='word_1_34' title='bbox 68 827 124 869; x_wconf 85' lang='lat' dir='ltr'>vos</span> <span class='ocrx_word' id='word_1_35' title='bbox 138 805 243 869; x_wconf 87' lang='lat' dir='ltr'>taxari</span> <span class='ocrx_word' id='word_1_36' title='bbox 265 804 425 883; x_wconf 90' lang='lat' dir='ltr'>volumus,</span> <span class='ocrx_word' id='word_1_37' title='bbox 440 807 636 869; x_wconf 82' lang='lat' dir='ltr'>denunciato</span> <span class='ocrx_word' id='word_1_38' title='bbox 661 807 751 888; x_wconf 90' lang='lat' dir='ltr'>prius</span> <span class='ocrx_word' id='word_1_39' title='bbox 777 807 1004 869; x_wconf 69' lang='lat' dir='ltr'>executoribus</span> <span class='ocrx_word' id='word_1_40' title='bbox 1026 804 1218 870; x_wconf 76' lang='lat' dir='ltr'><strong>testamenti</strong></span> 
     </span>
     <span class='ocr_line' id='line_1_6' title="bbox 70 899 1218 984; baseline -0.003 -20"><span class='ocrx_word' id='word_1_41' title='bbox 70 903 152 964; x_wconf 88' lang='lat' dir='ltr'>dicti</span> <span class='ocrx_word' id='word_1_42' title='bbox 181 899 330 963; x_wconf 80' lang='lat' dir='ltr'>defuncti</span> <span class='ocrx_word' id='word_1_43' title='bbox 367 902 454 983; x_wconf 90' lang='lat' dir='ltr'>quod</span> <span class='ocrx_word' id='word_1_44' title='bbox 491 899 678 984; x_wconf 89' lang='lat' dir='ltr'>hujusmodi</span> <span class='ocrx_word' id='word_1_45' title='bbox 707 902 867 964; x_wconf 89' lang='lat' dir='ltr'>taxacioni</span> <span class='ocrx_word' id='word_1_46' title='bbox 898 902 1063 979; x_wconf 78' lang='lat' dir='ltr'>intersint,</span> <span class='ocrx_word' id='word_1_47' title='bbox 1094 901 1121 962; x_wconf 89' lang='lat' dir='ltr'>si</span> <span class='ocrx_word' id='word_1_48' title='bbox 1156 899 1218 961; x_wconf 88' lang='lat' dir='ltr'>sibi</span> 
     </span>
     <span class='ocr_line' id='line_1_7' title="bbox 68 995 1216 1078; baseline -0.002 -18"><span class='ocrx_word' id='word_1_49' title='bbox 68 996 214 1060; x_wconf 91' lang='lat' dir='ltr'>viderint</span> <span class='ocrx_word' id='word_1_50' title='bbox 237 995 397 1078; x_wconf 81' lang='lat' dir='ltr'>expedire.</span> <span class='ocrx_word' id='word_1_51' title='bbox 442 997 568 1061; x_wconf 84' lang='lat' dir='ltr'>Valete.</span> <span class='ocrx_word' id='word_1_52' title='bbox 617 997 693 1059; x_wconf 88' lang='lat' dir='ltr'>Dat.</span> <span class='ocrx_word' id='word_1_53' title='bbox 719 997 807 1078; x_wconf 87' lang='lat' dir='ltr'>apud</span> <span class='ocrx_word' id='word_1_54' title='bbox 833 996 1030 1061; x_wconf 76' lang='lat' dir='ltr'>Munlreton&#39;</span> <span class='ocrx_word' id='word_1_55' title='bbox 1060 1017 1080 1058; x_wconf 95' lang='lat' dir='ltr'>v</span> <span class='ocrx_word' id='word_1_56' title='bbox 1111 996 1216 1058; x_wconf 85' lang='lat' dir='ltr'>Kal’u.</span> 
     </span>
     <span class='ocr_line' id='line_1_8' title="bbox 68 1092 708 1176; baseline -0.002 -20"><span class='ocrx_word' id='word_1_57' title='bbox 68 1092 244 1156; x_wconf 83' lang='lat' dir='ltr'>Novembr.</span> <span class='ocrx_word' id='word_1_58' title='bbox 261 1098 351 1174; x_wconf 90' lang='lat' dir='ltr'>pont</span> <span class='ocrx_word' id='word_1_59' title='bbox 366 1093 469 1155; x_wconf 83' lang='lat' dir='ltr'>nostri</span> <span class='ocrx_word' id='word_1_60' title='bbox 483 1113 569 1156; x_wconf 91' lang='lat' dir='ltr'>anno</span> <span class='ocrx_word' id='word_1_61' title='bbox 584 1099 708 1176; x_wconf 85' lang='lat' dir='ltr'>quarto.</span> 
     </span>
    </p>
   </div>
   <div class='ocr_carea' id='block_1_3' title="bbox 64 1244 1376 1616">
    <p class='ocr_par' dir='ltr' id='par_1_3' title="bbox 64 1244 1376 1616">
     <span class='ocr_line' id='line_1_9' title="bbox 134 1244 1317 1359; baseline 0 -49"><span class='ocrx_word' id='word_1_62' title='bbox 134 1246 303 1310; x_wconf 87' lang='lat' dir='ltr'>Universis</span> <span class='ocrx_word' id='word_1_63' title='bbox 328 1244 448 1309; x_wconf 83' lang='lat' dir='ltr'>Christi</span> <span class='ocrx_word' id='word_1_64' title='bbox 473 1245 624 1308; x_wconf 88' lang='lat' dir='ltr'>fidelibus</span> <span class='ocrx_word' id='word_1_65' title='bbox 649 1248 690 1309; x_wconf 89' lang='lat' dir='ltr'>ad</span> <span class='ocrx_word' id='word_1_66' title='bbox 714 1267 794 1329; x_wconf 90' lang='lat' dir='ltr'>quos</span> <span class='ocrx_word' id='word_1_67' title='bbox 818 1251 992 1328; x_wconf 72' lang='lat' dir='ltr'>praesentes</span> <span class='ocrx_word' id='word_1_68' title='bbox 1015 1247 1118 1309; x_wconf 83' lang='lat' dir='ltr'>literae</span> <span class='ocrx_word' id='word_1_69' title='bbox 1142 1256 1254 1328; x_wconf 90' lang='lat' dir='ltr'>per-(</span> <span class='ocrx_word' id='word_1_70' title='bbox 1241 1254 1317 1359; x_wconf 74' lang='grc' dir='ltr'>(77υ1</span> 
     </span>
     <span class='ocr_line' id='line_1_10' title="bbox 68 1326 1341 1426; baseline 0 -22"><span class='ocrx_word' id='word_1_71' title='bbox 68 1343 224 1404; x_wconf 88' lang='lat' dir='ltr'>venerint</span> <span class='ocrx_word' id='word_1_72' title='bbox 251 1339 434 1426; x_wconf 87' lang='lat' dir='ltr'>T(homas),</span> <span class='ocrx_word' id='word_1_73' title='bbox 459 1342 521 1404; x_wconf 92' lang='lat' dir='ltr'>Dei</span> <span class='ocrx_word' id='word_1_74' title='bbox 551 1344 660 1425; x_wconf 85' lang='lat' dir='ltr'>gracia</span> <span class='ocrx_word' id='word_1_75' title='bbox 686 1349 748 1405; x_wconf 90' lang='lat' dir='ltr'>etc</span> <span class='ocrx_word' id='word_1_76' title='bbox 780 1343 958 1404; x_wconf 86' lang='lat' dir='ltr'>salutem</span> <span class='ocrx_word' id='word_1_77' title='bbox 949 1363 984 1403; x_wconf 91' lang='lat' dir='ltr'>m</span> <span class='ocrx_word' id='word_1_78' title='bbox 1013 1326 1266 1424; x_wconf 82' lang='lat' dir='ltr'>amplexibus</span> <span class='ocrx_word' id='word_1_79' title='bbox 1241 1316 1370 1420; x_wconf 62' lang='lat' dir='ltr'>oc&#39;ijrs&#39;</span> 
     </span>
     <span class='ocr_line' id='line_1_11' title="bbox 67 1436 1376 1520; baseline 0.002 -21"><span class='ocrx_word' id='word_1_80' title='bbox 67 1436 255 1500; x_wconf 83' lang='lat' dir='ltr'>Salvatoris.</span> <span class='ocrx_word' id='word_1_81' title='bbox 292 1436 458 1499; x_wconf 87' lang='lat' dir='ltr'>Noveritis</span> <span class='ocrx_word' id='word_1_82' title='bbox 472 1437 648 1519; x_wconf 91' lang='lat' dir='ltr'>quodcum</span> <span class='ocrx_word' id='word_1_83' title='bbox 664 1438 857 1499; x_wconf 86' lang='lat' dir='ltr'>Edmundus</span> <span class='ocrx_word' id='word_1_84' title='bbox 875 1438 915 1500; x_wconf 90' lang='lat' dir='ltr'>de</span> <span class='ocrx_word' id='word_1_85' title='bbox 927 1438 1064 1520; x_wconf 82' lang='lat' dir='ltr'>Wateby</span> <span class='ocrx_word' id='word_1_86' title='bbox 1080 1438 1216 1500; x_wconf 88' lang='lat' dir='ltr'>clericus</span> <span class='ocrx_word' id='word_1_87' title='bbox 1242 1454 1325 1501; x_wconf 69' lang='lat' dir='ltr'>taem</span> <span class='ocrx_word' id='word_1_88' title='bbox 1334 1461 1376 1501; x_wconf 74' lang='lat' dir='ltr'>e·-</span> 
     </span>
     <span class='ocr_line' id='line_1_12' title="bbox 64 1515 1365 1616; baseline 0 -22"><span class='ocrx_word' id='word_1_89' title='bbox 64 1538 188 1595; x_wconf 87' lang='lat' dir='ltr'>nostrae</span> <span class='ocrx_word' id='word_1_90' title='bbox 203 1532 296 1594; x_wconf 88' lang='lat' dir='ltr'>dioec.</span> <span class='ocrx_word' id='word_1_91' title='bbox 313 1551 410 1615; x_wconf 86' lang='lat' dir='ltr'>super</span> <span class='ocrx_word' id='word_1_92' title='bbox 424 1532 506 1595; x_wconf 90' lang='lat' dir='ltr'>furti</span> <span class='ocrx_word' id='word_1_93' title='bbox 524 1535 658 1596; x_wconf 89' lang='lat' dir='ltr'>crimine</span> <span class='ocrx_word' id='word_1_94' title='bbox 675 1540 709 1596; x_wconf 89' lang='lat' dir='ltr'>et</span> <span class='ocrx_word' id='word_1_95' title='bbox 723 1534 920 1616; x_wconf 86' lang='lat' dir='ltr'>burgariam</span> <span class='ocrx_word' id='word_1_96' title='bbox 937 1534 1076 1615; x_wconf 87' lang='lat' dir='ltr'>quodam</span> <span class='ocrx_word' id='word_1_97' title='bbox 1092 1534 1217 1596; x_wconf 90' lang='lat' dir='ltr'>molen·</span> <span class='ocrx_word' id='word_1_98' title='bbox 1242 1515 1365 1560; x_wconf 52' lang='lat' dir='ltr'>‘&#39;mm&#39;&#39;</span> 
     </span>
    </p>
   </div>
   <div class='ocr_carea' id='block_1_4' title="bbox 66 1587 1378 1710">
    <p class='ocr_par' dir='ltr' id='par_1_4' title="bbox 66 1587 1378 1710">
     <span class='ocr_line' id='line_1_13' title="bbox 66 1587 1378 1710; baseline 0 -20"><span class='ocrx_word' id='word_1_99' title='bbox 66 1627 146 1690; x_wconf 90' lang='lat' dir='ltr'>dino</span> <span class='ocrx_word' id='word_1_100' title='bbox 161 1625 294 1689; x_wconf 84' lang='lat' dir='ltr'>fullonis</span> <span class='ocrx_word' id='word_1_101' title='bbox 312 1627 408 1710; x_wconf 85' lang='lat' dir='ltr'>juxta</span> <span class='ocrx_word' id='word_1_102' title='bbox 423 1625 661 1692; x_wconf 86' lang='lat' dir='ltr'>Richemund</span> <span class='ocrx_word' id='word_1_103' title='bbox 651 1647 686 1690; x_wconf 88' lang='grc' dir='ltr'>ιι</span> <span class='ocrx_word' id='word_1_104' title='bbox 708 1628 776 1690; x_wconf 87' lang='grc' dir='ltr'><strong>ιοιο</strong></span> <span class='ocrx_word' id='word_1_105' title='bbox 799 1628 942 1691; x_wconf 76' lang='lat' dir='ltr'>saeculari</span> <span class='ocrx_word' id='word_1_106' title='bbox 965 1650 1071 1691; x_wconf 87' lang='lat' dir='ltr'>coram</span> <span class='ocrx_word' id='word_1_107' title='bbox 1092 1629 1216 1690; x_wconf 91' lang='lat' dir='ltr'>domini</span> <span class='ocrx_word' id='word_1_108' title='bbox 1237 1587 1378 1690; x_wconf 50' lang='lat' dir='ltr'>mm</span> 
     </span>
    </p>
   </div>
   <div class='ocr_carea' id='block_1_5' title="bbox 64 1689 1385 2668">
    <p class='ocr_par' dir='ltr' id='par_1_5' title="bbox 64 1689 1385 2668">
     <span class='ocr_line' id='line_1_14' title="bbox 66 1689 1385 1808; baseline 0.001 -23"><span class='ocrx_word' id='word_1_109' title='bbox 66 1723 173 1785; x_wconf 85' lang='lat' dir='ltr'>nostri</span> <span class='ocrx_word' id='word_1_110' title='bbox 199 1722 299 1806; x_wconf 79' lang='lat' dir='ltr'>Regis</span> <span class='ocrx_word' id='word_1_111' title='bbox 321 1722 515 1806; x_wconf 86' lang='lat' dir='ltr'>justiciariis</span> <span class='ocrx_word' id='word_1_112' title='bbox 539 1724 696 1802; x_wconf 87' lang='lat' dir='ltr'>irretitus,</span> <span class='ocrx_word' id='word_1_113' title='bbox 721 1729 755 1786; x_wconf 92' lang='lat' dir='ltr'>et</span> <span class='ocrx_word' id='word_1_114' title='bbox 780 1745 839 1807; x_wconf 88' lang='lat' dir='ltr'>per</span> <span class='ocrx_word' id='word_1_115' title='bbox 861 1726 991 1787; x_wconf 90' lang='lat' dir='ltr'>eosdem</span> <span class='ocrx_word' id='word_1_116' title='bbox 1016 1724 1215 1807; x_wconf 89' lang='lat' dir='ltr'>justiciarios</span> <span class='ocrx_word' id='word_1_117' title='bbox 1241 1689 1385 1808; x_wconf 51' lang='grc' dir='ltr'><strong>ιιάιγῖιώ,</strong></span> 
     </span>
     <span class='ocr_line' id='line_1_15' title="bbox 64 1817 1215 1903; baseline 0.002 -24"><span class='ocrx_word' id='word_1_118' title='bbox 64 1818 163 1881; x_wconf 90' lang='lat' dir='ltr'>nobis</span> <span class='ocrx_word' id='word_1_119' title='bbox 182 1817 279 1901; x_wconf 88' lang='lat' dir='ltr'>juxta</span> <span class='ocrx_word' id='word_1_120' title='bbox 300 1818 447 1881; x_wconf 84' lang='lat' dir='ltr'>clericale</span> <span class='ocrx_word' id='word_1_121' title='bbox 461 1819 672 1903; x_wconf 89' lang='lat' dir='ltr'>privilegium</span> <span class='ocrx_word' id='word_1_122' title='bbox 693 1820 862 1898; x_wconf 88' lang='lat' dir='ltr'>liberatus,</span> <span class='ocrx_word' id='word_1_123' title='bbox 878 1841 912 1882; x_wconf 90' lang='lat' dir='ltr'>se</span> <span class='ocrx_word' id='word_1_124' title='bbox 934 1840 1041 1882; x_wconf 90' lang='lat' dir='ltr'>coram</span> <span class='ocrx_word' id='word_1_125' title='bbox 1065 1820 1189 1882; x_wconf 91' lang='lat' dir='ltr'>nobis</span> <span class='ocrx_word' id='word_1_126' title='bbox 1180 1840 1215 1881; x_wconf 87' lang='grc' dir='ltr'>ιι</span> 
     </span>
     <span class='ocr_line' id='line_1_16' title="bbox 67 1913 1216 1997; baseline 0.002 -22"><span class='ocrx_word' id='word_1_127' title='bbox 67 1913 205 1976; x_wconf 86' lang='lat' dir='ltr'>ecclesia</span> <span class='ocrx_word' id='word_1_128' title='bbox 234 1918 346 1976; x_wconf 89' lang='lat' dir='ltr'>nostra</span> <span class='ocrx_word' id='word_1_129' title='bbox 374 1914 500 1997; x_wconf 85' lang='lat' dir='ltr'>Rypon’</span> <span class='ocrx_word' id='word_1_130' title='bbox 523 1916 577 1978; x_wconf 90' lang='lat' dir='ltr'>die</span> <span class='ocrx_word' id='word_1_131' title='bbox 607 1916 785 1979; x_wconf 89' lang='lat' dir='ltr'>Veneris</span> <span class='ocrx_word' id='word_1_132' title='bbox 773 1936 809 1977; x_wconf 88' lang='grc' dir='ltr'>ιι</span> <span class='ocrx_word' id='word_1_133' title='bbox 839 1917 981 1978; x_wconf 89' lang='lat' dir='ltr'>crastino</span> <span class='ocrx_word' id='word_1_134' title='bbox 1011 1915 1216 1978; x_wconf 79' lang='lat' dir='ltr'>Ascensionis</span> 
     </span>
     <span class='ocr_line' id='line_1_17' title="bbox 66 2009 1217 2096; baseline 0.001 -26"><span class='ocrx_word' id='word_1_135' title='bbox 66 2009 259 2089; x_wconf 64' lang='lat' dir='ltr'>Dominum,</span> <span class='ocrx_word' id='word_1_136' title='bbox 274 2009 428 2073; x_wconf 87' lang='lat' dir='ltr'>videlicet</span> <span class='ocrx_word' id='word_1_137' title='bbox 442 2009 494 2093; x_wconf 83' lang='lat' dir='ltr'>xvj</span> <span class='ocrx_word' id='word_1_138' title='bbox 511 2009 609 2075; x_wconf 81' lang='lat' dir='ltr'>kal’n.</span> <span class='ocrx_word' id='word_1_139' title='bbox 624 2012 646 2075; x_wconf 90' lang='lat' dir='ltr'>J</span> <span class='ocrx_word' id='word_1_140' title='bbox 647 2013 729 2090; x_wconf 91' lang='lat' dir='ltr'>unii,</span> <span class='ocrx_word' id='word_1_141' title='bbox 745 2012 839 2074; x_wconf 79' lang='lat' dir='ltr'>Anno</span> <span class='ocrx_word' id='word_1_142' title='bbox 853 2013 969 2096; x_wconf 74' lang='lat' dir='ltr'>graciae</span> <span class='ocrx_word' id='word_1_143' title='bbox 986 2011 1217 2088; x_wconf 86' lang='lat' dir='ltr'>M⁰ccc⁰terci0,</span> 
     </span>
     <span class='ocr_line' id='line_1_18' title="bbox 65 2104 1217 2191; baseline -0.001 -23"><span class='ocrx_word' id='word_1_144' title='bbox 65 2107 103 2168; x_wconf 91' lang='lat' dir='ltr'>in</span> <span class='ocrx_word' id='word_1_145' title='bbox 118 2104 188 2167; x_wconf 84' lang='lat' dir='ltr'>foro</span> <span class='ocrx_word' id='word_1_146' title='bbox 203 2104 418 2169; x_wconf 86' lang='lat' dir='ltr'>ecclesiastico</span> <span class='ocrx_word' id='word_1_147' title='bbox 440 2108 592 2170; x_wconf 89' lang='lat' dir='ltr'>canonice</span> <span class='ocrx_word' id='word_1_148' title='bbox 616 2128 713 2191; x_wconf 88' lang='lat' dir='ltr'>super</span> <span class='ocrx_word' id='word_1_149' title='bbox 734 2108 870 2170; x_wconf 88' lang='lat' dir='ltr'>crimine</span> <span class='ocrx_word' id='word_1_150' title='bbox 886 2107 1072 2190; x_wconf 83' lang='lat' dir='ltr'>purgaverit</span> <span class='ocrx_word' id='word_1_151' title='bbox 1094 2126 1217 2167; x_wconf 90' lang='lat' dir='ltr'>memo·</span> 
     </span>
     <span class='ocr_line' id='line_1_19' title="bbox 65 2201 1217 2286; baseline 0.001 -24"><span class='ocrx_word' id='word_1_152' title='bbox 65 2207 160 2276; x_wconf 82' lang='lat' dir='ltr'>rat03</span> <span class='ocrx_word' id='word_1_153' title='bbox 189 2201 257 2263; x_wconf 87' lang='lat' dir='ltr'>Nos</span> <span class='ocrx_word' id='word_1_154' title='bbox 282 2203 392 2284; x_wconf 86' lang='lat' dir='ltr'>ipsum</span> <span class='ocrx_word' id='word_1_155' title='bbox 420 2203 462 2264; x_wconf 92' lang='lat' dir='ltr'>ad</span> <span class='ocrx_word' id='word_1_156' title='bbox 491 2201 612 2264; x_wconf 86' lang='lat' dir='ltr'>famam</span> <span class='ocrx_word' id='word_1_157' title='bbox 642 2205 813 2286; x_wconf 88' lang='lat' dir='ltr'>pristinam</span> <span class='ocrx_word' id='word_1_158' title='bbox 839 2203 1055 2279; x_wconf 86' lang='lat' dir='ltr'>restituimus,</span> <span class='ocrx_word' id='word_1_159' title='bbox 1079 2206 1125 2280; x_wconf 93' lang='lat' dir='ltr'>et,</span> <span class='ocrx_word' id='word_1_160' title='bbox 1150 2221 1217 2263; x_wconf 91' lang='lat' dir='ltr'>non</span> 
     </span>
     <span class='ocr_line' id='line_1_20' title="bbox 65 2296 1216 2380; baseline 0 -22"><span class='ocrx_word' id='word_1_161' title='bbox 65 2296 218 2358; x_wconf 83' lang='lat' dir='ltr'>obstante</span> <span class='ocrx_word' id='word_1_162' title='bbox 246 2296 471 2360; x_wconf 82' lang='lat' dir='ltr'>diffamacione</span> <span class='ocrx_word' id='word_1_163' title='bbox 508 2299 672 2380; x_wconf 68' lang='lat' dir='ltr'>pmdiota,</span> <span class='ocrx_word' id='word_1_164' title='bbox 702 2318 772 2360; x_wconf 91' lang='lat' dir='ltr'>esse</span> <span class='ocrx_word' id='word_1_165' title='bbox 802 2297 1087 2380; x_wconf 89' lang='lat' dir='ltr'>pronunciavimus</span> <span class='ocrx_word' id='word_1_166' title='bbox 1125 2296 1216 2358; x_wconf 88' lang='lat' dir='ltr'>bonae</span> 
     </span>
     <span class='ocr_line' id='line_1_21' title="bbox 65 2390 1215 2475; baseline 0 -22"><span class='ocrx_word' id='word_1_167' title='bbox 65 2390 176 2470; x_wconf 79' lang='lat' dir='ltr'>famae,</span> <span class='ocrx_word' id='word_1_168' title='bbox 190 2410 227 2454; x_wconf 86' lang='lat' dir='ltr'>ac</span> <span class='ocrx_word' id='word_1_169' title='bbox 250 2392 354 2454; x_wconf 88' lang='lat' dir='ltr'>eciam</span> <span class='ocrx_word' id='word_1_170' title='bbox 379 2393 529 2475; x_wconf 90' lang='lat' dir='ltr'>quietum</span> <span class='ocrx_word' id='word_1_171' title='bbox 551 2414 571 2456; x_wconf 92' lang='lat' dir='ltr'>a</span> <span class='ocrx_word' id='word_1_172' title='bbox 592 2394 680 2456; x_wconf 84' lang='lat' dir='ltr'>dicto</span> <span class='ocrx_word' id='word_1_173' title='bbox 702 2395 838 2455; x_wconf 90' lang='lat' dir='ltr'>crimine</span> <span class='ocrx_word' id='word_1_174' title='bbox 861 2400 895 2455; x_wconf 90' lang='lat' dir='ltr'>et</span> <span class='ocrx_word' id='word_1_175' title='bbox 917 2394 1110 2455; x_wconf 89' lang='lat' dir='ltr'>immunem.</span> <span class='ocrx_word' id='word_1_176' title='bbox 1156 2391 1215 2456; x_wconf 83' lang='lat' dir='ltr'>cui</span> 
     </span>
     <span class='ocr_line' id='line_1_22' title="bbox 67 2484 1216 2571; baseline 0.002 -23"><span class='ocrx_word' id='word_1_177' title='bbox 67 2484 127 2548; x_wconf 89' lang='lat' dir='ltr'>has</span> <span class='ocrx_word' id='word_1_178' title='bbox 142 2491 267 2550; x_wconf 90' lang='lat' dir='ltr'>nostras</span> <span class='ocrx_word' id='word_1_179' title='bbox 287 2487 399 2551; x_wconf 83' lang='lat' dir='ltr'>literas</span> <span class='ocrx_word' id='word_1_180' title='bbox 420 2489 636 2551; x_wconf 89' lang='lat' dir='ltr'>concessimus</span> <span class='ocrx_word' id='word_1_181' title='bbox 658 2490 693 2550; x_wconf 92' lang='lat' dir='ltr'>in</span> <span class='ocrx_word' id='word_1_182' title='bbox 715 2490 943 2551; x_wconf 88' lang='lat' dir='ltr'>testimonium</span> <span class='ocrx_word' id='word_1_183' title='bbox 965 2490 1216 2571; x_wconf 74' lang='lat' dir='ltr'>praemissorum.</span> 
     </span>
     <span class='ocr_line' id='line_1_23' title="bbox 66 2582 1216 2668; baseline 0.002 -23"><span class='ocrx_word' id='word_1_184' title='bbox 66 2582 145 2646; x_wconf 87' lang='lat' dir='ltr'>Dat.</span> <span class='ocrx_word' id='word_1_185' title='bbox 161 2584 248 2666; x_wconf 89' lang='lat' dir='ltr'>apud</span> <span class='ocrx_word' id='word_1_186' title='bbox 271 2583 476 2663; x_wconf 84' lang='lat' dir='ltr'>Munlreton’,</span> <span class='ocrx_word' id='word_1_187' title='bbox 494 2605 514 2646; x_wconf 95' lang='lat' dir='ltr'>v</span> <span class='ocrx_word' id='word_1_188' title='bbox 537 2584 643 2648; x_wconf 91' lang='lat' dir='ltr'>Kal&#39;n.</span> <span class='ocrx_word' id='word_1_189' title='bbox 666 2586 841 2649; x_wconf 87' lang='lat' dir='ltr'>Novembr.</span> <span class='ocrx_word' id='word_1_190' title='bbox 857 2585 952 2647; x_wconf 79' lang='lat' dir='ltr'>Anno</span> <span class='ocrx_word' id='word_1_191' title='bbox 973 2587 1089 2668; x_wconf 74' lang='lat' dir='ltr'>gracias</span> <span class='ocrx_word' id='word_1_192' title='bbox 1106 2605 1216 2667; x_wconf 90' lang='lat' dir='ltr'>supra-</span> 
     </span>
    </p>
   </div>
   <div class='ocr_carea' id='block_1_6' title="bbox 68 2677 834 2764">
    <p class='ocr_par' dir='ltr' id='par_1_6' title="bbox 68 2677 834 2764">
     <span class='ocr_line' id='line_1_24' title="bbox 68 2677 834 2764; baseline 0.004 -24"><span class='ocrx_word' id='word_1_193' title='bbox 68 2678 158 2742; x_wconf 89' lang='lat' dir='ltr'>dicto</span> <span class='ocrx_word' id='word_1_194' title='bbox 172 2677 305 2764; x_wconf 74' lang='lat'>(1303),</span> <span class='ocrx_word' id='word_1_195' title='bbox 320 2685 355 2742; x_wconf 91' lang='lat' dir='ltr'>et</span> <span class='ocrx_word' id='word_1_196' title='bbox 369 2680 577 2762; x_wconf 85' lang='lat' dir='ltr'>pontificatus</span> <span class='ocrx_word' id='word_1_197' title='bbox 590 2683 693 2743; x_wconf 91' lang='lat' dir='ltr'>nostri</span> <span class='ocrx_word' id='word_1_198' title='bbox 708 2687 834 2764; x_wconf 88' lang='lat' dir='ltr'>quarto.</span> 
     </span>
    </p>
   </div>
   <div class='ocr_carea' id='block_1_7' title="bbox 68 2836 1449 4069">
    <p class='ocr_par' dir='ltr' id='par_1_7' title="bbox 68 2836 1449 4069">
     <span class='ocr_line' id='line_1_25' title="bbox 135 2836 1449 2924; baseline -0.001 -23"><span class='ocrx_word' id='word_1_199' title='bbox 135 2837 285 2918; x_wconf 80' lang='lat' dir='ltr'>Thomas,</span> <span class='ocrx_word' id='word_1_200' title='bbox 300 2839 363 2902; x_wconf 89' lang='lat' dir='ltr'>Dei</span> <span class='ocrx_word' id='word_1_201' title='bbox 384 2841 503 2924; x_wconf 82' lang='lat' dir='ltr'>gracia,</span> <span class='ocrx_word' id='word_1_202' title='bbox 519 2847 581 2904; x_wconf 88' lang='lat' dir='ltr'>etc.</span> <span class='ocrx_word' id='word_1_203' title='bbox 604 2840 715 2905; x_wconf 87' lang='lat' dir='ltr'>dilect</span> <span class='ocrx_word' id='word_1_204' title='bbox 691 2846 734 2904; x_wconf 88' lang='lat' dir='ltr'>trs</span> <span class='ocrx_word' id='word_1_205' title='bbox 755 2842 792 2904; x_wconf 91' lang='lat' dir='ltr'>in</span> <span class='ocrx_word' id='word_1_206' title='bbox 807 2836 935 2904; x_wconf 84' lang='lat' dir='ltr'>Christo</span> <span class='ocrx_word' id='word_1_207' title='bbox 950 2839 1070 2917; x_wconf 87' lang='lat' dir='ltr'>filiis,</span> <span class='ocrx_word' id='word_1_208' title='bbox 1095 2841 1214 2922; x_wconf 73' lang='lat' dir='ltr'>‚capi</span> <span class='ocrx_word' id='word_1_209' title='bbox 1240 2851 1328 2912; x_wconf 72' lang='lat' dir='ltr'>(rao.)</span> <span class='ocrx_word' id='word_1_210' title='bbox 1446 2883 1449 2892; x_wconf 82' lang='lat'>.</span> 
     </span>
     <span class='ocr_line' id='line_1_26' title="bbox 68 2912 1367 3020; baseline 0.002 -25"><span class='ocrx_word' id='word_1_211' title='bbox 68 2933 140 2995; x_wconf 92' lang='lat' dir='ltr'>tulo</span> <span class='ocrx_word' id='word_1_212' title='bbox 151 2939 260 2996; x_wconf 90' lang='lat' dir='ltr'>nostro</span> <span class='ocrx_word' id='word_1_213' title='bbox 269 2935 385 3017; x_wconf 81' lang='lat' dir='ltr'>Ripon</span> <span class='ocrx_word' id='word_1_214' title='bbox 394 2936 545 3015; x_wconf 86' lang='lat' dir='ltr'>salntem,</span> <span class='ocrx_word' id='word_1_215' title='bbox 554 2958 708 3020; x_wconf 79' lang='lat' dir='ltr'>graciam</span> <span class='ocrx_word' id='word_1_216' title='bbox 718 2941 752 3000; x_wconf 91' lang='lat' dir='ltr'>et</span> <span class='ocrx_word' id='word_1_217' title='bbox 762 2937 1036 3000; x_wconf 83' lang='lat' dir='ltr'>benedrccrouem</span> <span class='ocrx_word' id='word_1_218' title='bbox 1070 2936 1214 3018; x_wconf 88' lang='lat' dir='ltr'>Recepta</span> <span class='ocrx_word' id='word_1_219' title='bbox 1238 2912 1367 3018; x_wconf 43' lang='grc' dir='ltr'>ὂζξᾷξοᾶ</span> 
     </span>
     <span class='ocr_line' id='line_1_27' title="bbox 68 3030 1366 3113; baseline 0.005 -22"><span class='ocrx_word' id='word_1_220' title='bbox 68 3030 242 3092; x_wconf 84' lang='lat' dir='ltr'>securitate</span> <span class='ocrx_word' id='word_1_221' title='bbox 265 3050 285 3091; x_wconf 88' lang='lat' dir='ltr'>a</span> <span class='ocrx_word' id='word_1_222' title='bbox 306 3031 437 3094; x_wconf 92' lang='lat' dir='ltr'>domino</span> <span class='ocrx_word' id='word_1_223' title='bbox 453 3033 598 3096; x_wconf 91' lang='lat' dir='ltr'>Henrico</span> <span class='ocrx_word' id='word_1_224' title='bbox 612 3032 764 3095; x_wconf 84' lang='lat' dir='ltr'>Saraceni</span> <span class='ocrx_word' id='word_1_225' title='bbox 779 3033 821 3095; x_wconf 90' lang='lat' dir='ltr'>de</span> <span class='ocrx_word' id='word_1_226' title='bbox 837 3032 936 3109; x_wconf 92' lang='lat' dir='ltr'>Urbe,</span> <span class='ocrx_word' id='word_1_227' title='bbox 952 3031 1004 3092; x_wconf 92' lang='lat' dir='ltr'>vel</span> <span class='ocrx_word' id='word_1_228' title='bbox 1019 3051 1213 3113; x_wconf 89' lang='lat' dir='ltr'>quocunque</span> <span class='ocrx_word' id='word_1_229' title='bbox 1238 3051 1366 3097; x_wconf 54' lang='lat' dir='ltr'>marato</span> 
     </span>
     <span class='ocr_line' id='line_1_28' title="bbox 68 3123 1384 3227; baseline 0.001 -42"><span class='ocrx_word' id='word_1_230' title='bbox 68 3123 134 3185; x_wconf 88' lang='lat' dir='ltr'>alio</span> <span class='ocrx_word' id='word_1_231' title='bbox 155 3130 362 3206; x_wconf 87' lang='lat' dir='ltr'>procuratore</span> <span class='ocrx_word' id='word_1_232' title='bbox 378 3125 537 3190; x_wconf 87' lang='lat' dir='ltr'>Johanuis</span> <span class='ocrx_word' id='word_1_233' title='bbox 559 3127 681 3190; x_wconf 90' lang='lat' dir='ltr'>Brante</span> <span class='ocrx_word' id='word_1_234' title='bbox 705 3128 866 3205; x_wconf 83' lang='lat' dir='ltr'>Saraceni,</span> <span class='ocrx_word' id='word_1_235' title='bbox 881 3127 1026 3188; x_wconf 87' lang='lat' dir='ltr'>canonici</span> <span class='ocrx_word' id='word_1_236' title='bbox 1048 3125 1163 3207; x_wconf 89' lang='lat' dir='ltr'>Ripon&#39;</span> <span class='ocrx_word' id='word_1_237' title='bbox 1178 3125 1302 3186; x_wconf 55' lang='lat' dir='ltr'>erm</span> <span class='ocrx_word' id='word_1_238' title='bbox 1231 3169 1352 3227; x_wconf 55' lang='lat' dir='ltr'>,mm</span> <span class='ocrx_word' id='word_1_239' title='bbox 1361 3126 1384 3213; x_wconf 56' lang='grc' dir='ltr'>ξ</span> 
     </span>
     <span class='ocr_line' id='line_1_29' title="bbox 68 3219 1384 3343; baseline 0.002 -62"><span class='ocrx_word' id='word_1_240' title='bbox 68 3219 283 3301; x_wconf 72' lang='lat' dir='ltr'>praebendarii</span> <span class='ocrx_word' id='word_1_241' title='bbox 305 3221 345 3284; x_wconf 89' lang='lat' dir='ltr'>de</span> <span class='ocrx_word' id='word_1_242' title='bbox 368 3220 514 3305; x_wconf 83' lang='lat' dir='ltr'>Thorp&#39;&#39;</span> <span class='ocrx_word' id='word_1_243' title='bbox 504 3243 540 3285; x_wconf 89' lang='grc' dir='ltr'>ιι</span> <span class='ocrx_word' id='word_1_244' title='bbox 563 3225 677 3286; x_wconf 90' lang='lat' dir='ltr'>eadem</span> <span class='ocrx_word' id='word_1_245' title='bbox 679 3223 865 3306; x_wconf 62' lang='lat' dir='ltr'>,legitima</span> <span class='ocrx_word' id='word_1_246' title='bbox 879 3242 937 3305; x_wconf 90' lang='lat' dir='ltr'>pro</span> <span class='ocrx_word' id='word_1_247' title='bbox 960 3241 1024 3303; x_wconf 90' lang='lat' dir='ltr'>qua</span> <span class='ocrx_word' id='word_1_248' title='bbox 1045 3220 1212 3283; x_wconf 90' lang='lat' dir='ltr'>volueritis</span> <span class='ocrx_word' id='word_1_249' title='bbox 1235 3227 1384 3343; x_wconf 49' lang='lat' dir='ltr'>emm</span> 
     </span>
     <span class='ocr_line' id='line_1_30' title="bbox 68 3299 1366 3412; baseline -0.001 -37"><span class='ocrx_word' id='word_1_250' title='bbox 68 3315 273 3396; x_wconf 88' lang='lat' dir='ltr'>respondere,</span> <span class='ocrx_word' id='word_1_251' title='bbox 302 3316 344 3377; x_wconf 90' lang='lat' dir='ltr'>de</span> <span class='ocrx_word' id='word_1_252' title='bbox 382 3316 608 3381; x_wconf 86' lang='lat' dir='ltr'>satisfaciendo</span> <span class='ocrx_word' id='word_1_253' title='bbox 644 3319 800 3402; x_wconf 85' lang='lat' dir='ltr'>magistro</span> <span class='ocrx_word' id='word_1_254' title='bbox 835 3316 968 3379; x_wconf 84' lang='lat' dir='ltr'>Thomae</span> <span class='ocrx_word' id='word_1_255' title='bbox 997 3315 1037 3377; x_wconf 92' lang='lat' dir='ltr'>de</span> <span class='ocrx_word' id='word_1_256' title='bbox 1067 3299 1268 3391; x_wconf 74' lang='lat' dir='ltr'>Malton’¹&#39;&#39;,</span> <span class='ocrx_word' id='word_1_257' title='bbox 1239 3342 1266 3387; x_wconf 63' lang='lat' dir='ltr'>d,</span> <span class='ocrx_word' id='word_1_258' title='bbox 1280 3341 1366 3412; x_wconf 59' lang='grc' dir='ltr'><strong>φιοφ</strong></span> 
     </span>
     <span class='ocr_line' id='line_1_31' title="bbox 68 3401 1366 3522; baseline 0 -50"><span class='ocrx_word' id='word_1_259' title='bbox 68 3409 197 3489; x_wconf 90' lang='lat' dir='ltr'>clerico,</span> <span class='ocrx_word' id='word_1_260' title='bbox 217 3410 269 3474; x_wconf 87' lang='lat' dir='ltr'>vel</span> <span class='ocrx_word' id='word_1_261' title='bbox 291 3410 434 3474; x_wconf 89' lang='lat' dir='ltr'>Johanni</span> <span class='ocrx_word' id='word_1_262' title='bbox 456 3413 497 3475; x_wconf 93' lang='lat' dir='ltr'>de</span> <span class='ocrx_word' id='word_1_263' title='bbox 519 3414 654 3477; x_wconf 91' lang='lat' dir='ltr'>Nortcn’</span> <span class='ocrx_word' id='word_1_264' title='bbox 675 3419 881 3497; x_wconf 87' lang='lat' dir='ltr'>procuratore</span> <span class='ocrx_word' id='word_1_265' title='bbox 904 3433 962 3475; x_wconf 92' lang='lat' dir='ltr'>suo</span> <span class='ocrx_word' id='word_1_266' title='bbox 983 3411 1054 3493; x_wconf 89' lang='lat' dir='ltr'>ejus</span> <span class='ocrx_word' id='word_1_267' title='bbox 1072 3411 1214 3488; x_wconf 90' lang='lat' dir='ltr'>nomine,</span> <span class='ocrx_word' id='word_1_268' title='bbox 1238 3401 1366 3522; x_wconf 53' lang='lat' dir='ltr'>‘&#39;ffiffm</span> 
     </span>
     <span class='ocr_line' id='line_1_32' title="bbox 68 3507 1215 3593; baseline 0.001 -26"><span class='ocrx_word' id='word_1_269' title='bbox 68 3525 127 3588; x_wconf 92' lang='lat' dir='ltr'>pro</span> <span class='ocrx_word' id='word_1_270' title='bbox 148 3507 317 3589; x_wconf 81' lang='lat' dir='ltr'>arreragiis</span> <span class='ocrx_word' id='word_1_271' title='bbox 339 3508 448 3570; x_wconf 88' lang='lat' dir='ltr'>tereiae</span> <span class='ocrx_word' id='word_1_272' title='bbox 472 3510 574 3591; x_wconf 90' lang='lat' dir='ltr'>partis</span> <span class='ocrx_word' id='word_1_273' title='bbox 597 3510 693 3573; x_wconf 82' lang='lat' dir='ltr'>dictae</span> <span class='ocrx_word' id='word_1_274' title='bbox 716 3508 896 3593; x_wconf 72' lang='lat' dir='ltr'>praebendae</span> <span class='ocrx_word' id='word_1_275' title='bbox 925 3507 1145 3591; x_wconf 90' lang='lat' dir='ltr'>provenientis</span> <span class='ocrx_word' id='word_1_276' title='bbox 1174 3507 1215 3569; x_wconf 94' lang='lat' dir='ltr'>de</span> 
     </span>
     <span class='ocr_line' id='line_1_33' title="bbox 69 3600 1216 3686; baseline 0.002 -24"><span class='ocrx_word' id='word_1_277' title='bbox 69 3601 165 3663; x_wconf 82' lang='lat' dir='ltr'>Auno</span> <span class='ocrx_word' id='word_1_278' title='bbox 186 3600 320 3663; x_wconf 89' lang='lat' dir='ltr'>Domini</span> <span class='ocrx_word' id='word_1_279' title='bbox 343 3602 394 3664; x_wconf 93' lang='grc' dir='ltr'><strong>Μο</strong></span> <span class='ocrx_word' id='word_1_280' title='bbox 394 3623 447 3666; x_wconf 89' lang='lat' dir='ltr'>ccc</span> <span class='ocrx_word' id='word_1_281' title='bbox 448 3605 615 3683; x_wconf 88' lang='lat' dir='ltr'>⁰secundo,</span> <span class='ocrx_word' id='word_1_282' title='bbox 642 3625 768 3667; x_wconf 89' lang='lat' dir='ltr'>necnon</span> <span class='ocrx_word' id='word_1_283' title='bbox 791 3626 850 3686; x_wconf 95' lang='lat' dir='ltr'>pro</span> <span class='ocrx_word' id='word_1_284' title='bbox 879 3605 982 3666; x_wconf 87' lang='lat' dir='ltr'>tercia</span> <span class='ocrx_word' id='word_1_285' title='bbox 1011 3609 1103 3685; x_wconf 90' lang='lat' dir='ltr'>parte</span> <span class='ocrx_word' id='word_1_286' title='bbox 1133 3623 1216 3685; x_wconf 88' lang='lat' dir='ltr'>prae·</span> 
     </span>
     <span class='ocr_line' id='line_1_34' title="bbox 71 3696 1216 3780; baseline 0.003 -22"><span class='ocrx_word' id='word_1_287' title='bbox 71 3696 166 3758; x_wconf 81' lang='lat' dir='ltr'>dictae</span> <span class='ocrx_word' id='word_1_288' title='bbox 195 3696 376 3778; x_wconf 71' lang='lat' dir='ltr'>praebendae</span> <span class='ocrx_word' id='word_1_289' title='bbox 406 3698 447 3760; x_wconf 92' lang='lat' dir='ltr'>de</span> <span class='ocrx_word' id='word_1_290' title='bbox 472 3699 567 3764; x_wconf 80' lang='lat' dir='ltr'>Anno</span> <span class='ocrx_word' id='word_1_291' title='bbox 592 3701 725 3763; x_wconf 92' lang='lat' dir='ltr'>Domini</span> <span class='ocrx_word' id='word_1_292' title='bbox 755 3700 807 3762; x_wconf 93' lang='grc' dir='ltr'><strong>Μο</strong></span> <span class='ocrx_word' id='word_1_293' title='bbox 807 3700 976 3762; x_wconf 82' lang='lat' dir='ltr'>ccc⁰tercio</span> <span class='ocrx_word' id='word_1_294' title='bbox 1006 3699 1216 3780; x_wconf 90' lang='lat' dir='ltr'>proveniente</span> 
     </span>
     <span class='ocr_line' id='line_1_35' title="bbox 69 3793 1216 3880; baseline 0.001 -25"><span class='ocrx_word' id='word_1_295' title='bbox 69 3793 168 3856; x_wconf 87' lang='lat' dir='ltr'>certis</span> <span class='ocrx_word' id='word_1_296' title='bbox 189 3793 341 3855; x_wconf 85' lang='lat' dir='ltr'>terminis</span> <span class='ocrx_word' id='word_1_297' title='bbox 361 3794 422 3857; x_wconf 88' lang='lat' dir='ltr'>sub</span> <span class='ocrx_word' id='word_1_298' title='bbox 437 3801 545 3860; x_wconf 91' lang='lat' dir='ltr'>vestro</span> <span class='ocrx_word' id='word_1_299' title='bbox 559 3798 706 3880; x_wconf 90' lang='lat' dir='ltr'>periculo</span> <span class='ocrx_word' id='word_1_300' title='bbox 720 3817 800 3879; x_wconf 91' lang='lat' dir='ltr'>quos</span> <span class='ocrx_word' id='word_1_301' title='bbox 816 3797 973 3858; x_wconf 87' lang='lat' dir='ltr'>duxeritis</span> <span class='ocrx_word' id='word_1_302' title='bbox 996 3795 1216 3878; x_wconf 83' lang='lat' dir='ltr'>assignandos,</span> 
     </span>
     <span class='ocr_line' id='line_1_36' title="bbox 71 3890 1216 3971; baseline 0.003 -22"><span class='ocrx_word' id='word_1_303' title='bbox 71 3892 276 3970; x_wconf 71' lang='lat' dir='ltr'>aeqnestrnm</span> <span class='ocrx_word' id='word_1_304' title='bbox 305 3891 501 3953; x_wconf 86' lang='lat' dir='ltr'>auctoritate</span> <span class='ocrx_word' id='word_1_305' title='bbox 530 3898 641 3955; x_wconf 89' lang='lat' dir='ltr'>nostra</span> <span class='ocrx_word' id='word_1_306' title='bbox 669 3893 706 3955; x_wconf 90' lang='lat' dir='ltr'>in</span> <span class='ocrx_word' id='word_1_307' title='bbox 735 3890 896 3954; x_wconf 85' lang='lat' dir='ltr'>fructibus</span> <span class='ocrx_word' id='word_1_308' title='bbox 933 3896 969 3953; x_wconf 90' lang='lat' dir='ltr'>et</span> <span class='ocrx_word' id='word_1_309' title='bbox 1004 3890 1216 3971; x_wconf 89' lang='lat' dir='ltr'>proventibus</span> 
     </span>
     <span class='ocr_line' id='line_1_37' title="bbox 69 3982 1216 4069; baseline 0.003 -25"><span class='ocrx_word' id='word_1_310' title='bbox 69 3982 166 4046; x_wconf 77' lang='lat' dir='ltr'>diotae</span> <span class='ocrx_word' id='word_1_311' title='bbox 185 3982 367 4065; x_wconf 82' lang='lat' dir='ltr'>praebendae</span> <span class='ocrx_word' id='word_1_312' title='bbox 389 3986 622 4069; x_wconf 89' lang='lat' dir='ltr'>interpositum</span> <span class='ocrx_word' id='word_1_313' title='bbox 648 3988 812 4050; x_wconf 86' lang='lat' dir='ltr'>relaxetis.</span> <span class='ocrx_word' id='word_1_314' title='bbox 858 3984 983 4048; x_wconf 87' lang='lat' dir='ltr'>Valete.</span> <span class='ocrx_word' id='word_1_315' title='bbox 1028 3985 1104 4048; x_wconf 90' lang='lat' dir='ltr'>Dat.</span> <span class='ocrx_word' id='word_1_316' title='bbox 1130 3986 1216 4067; x_wconf 86' lang='lat' dir='ltr'>apud</span> 
     </span>
    </p>
   </div>
   <div class='ocr_carea' id='block_1_8' title="bbox 70 4076 1126 4166">
    <p class='ocr_par' dir='ltr' id='par_1_8' title="bbox 70 4076 1126 4166">
     <span class='ocr_line' id='line_1_38' title="bbox 70 4076 1126 4166; baseline 0.004 -26"><span class='ocrx_word' id='word_1_317' title='bbox 70 4076 278 4156; x_wconf 82' lang='lat' dir='ltr'>Mnnketon’,</span> <span class='ocrx_word' id='word_1_318' title='bbox 292 4078 344 4163; x_wconf 88' lang='lat' dir='ltr'>iiij</span> <span class='ocrx_word' id='word_1_319' title='bbox 361 4080 468 4144; x_wconf 86' lang='lat' dir='ltr'>Kal’n.</span> <span class='ocrx_word' id='word_1_320' title='bbox 483 4082 658 4147; x_wconf 88' lang='lat' dir='ltr'>Novembr.</span> <span class='ocrx_word' id='word_1_321' title='bbox 673 4089 765 4166; x_wconf 91' lang='lat' dir='ltr'>pont.</span> <span class='ocrx_word' id='word_1_322' title='bbox 781 4084 884 4145; x_wconf 86' lang='lat' dir='ltr'>nostri</span> <span class='ocrx_word' id='word_1_323' title='bbox 899 4101 985 4144; x_wconf 86' lang='lat' dir='ltr'>anno</span> <span class='ocrx_word' id='word_1_324' title='bbox 1000 4085 1126 4163; x_wconf 89' lang='lat' dir='ltr'>quarto.</span> 
     </span>
    </p>
   </div>
   <div class='ocr_carea' id='block_1_9' title="bbox 69 4239 1368 4518">
    <p class='ocr_par' dir='ltr' id='par_1_9' title="bbox 69 4239 1361 4518">
     <span class='ocr_line' id='line_1_39' title="bbox 134 4239 1361 4355; baseline 0.007 -52"><span class='ocrx_word' id='word_1_325' title='bbox 134 4239 386 4305; x_wconf 88' lang='lat' dir='ltr'>Memorandum</span> <span class='ocrx_word' id='word_1_326' title='bbox 419 4245 505 4327; x_wconf 92' lang='lat' dir='ltr'>quod</span> <span class='ocrx_word' id='word_1_327' title='bbox 538 4243 616 4328; x_wconf 90' lang='lat' dir='ltr'>xviij</span> <span class='ocrx_word' id='word_1_328' title='bbox 645 4244 751 4308; x_wconf 87' lang='lat' dir='ltr'>Kal’n.</span> <span class='ocrx_word' id='word_1_329' title='bbox 779 4243 948 4307; x_wconf 87' lang='lat' dir='ltr'>Decembr.</span> <span class='ocrx_word' id='word_1_330' title='bbox 979 4243 1075 4307; x_wconf 82' lang='lat' dir='ltr'>Anno</span> <span class='ocrx_word' id='word_1_331' title='bbox 1100 4242 1216 4326; x_wconf 70' lang='lat' dir='ltr'>gracia</span> <span class='ocrx_word' id='word_1_332' title='bbox 1240 4249 1361 4355; x_wconf 75' lang='lat'>(⁷³)1⁸⁰⁸</span> 
     </span>
     <span class='ocr_line' id='line_1_40' title="bbox 69 4307 1368 4424; baseline 0.002 -26"><span class='ocrx_word' id='word_1_333' title='bbox 69 4320 249 4398; x_wconf 83' lang='lat' dir='ltr'>Millesimo</span> <span class='ocrx_word' id='word_1_334' title='bbox 273 4344 340 4399; x_wconf 85' lang='lat' dir='ltr'>coc⁰</span> <span class='ocrx_word' id='word_1_335' title='bbox 362 4340 474 4417; x_wconf 87' lang='lat' dir='ltr'>tercio,</span> <span class='ocrx_word' id='word_1_336' title='bbox 504 4340 590 4424; x_wconf 87' lang='lat' dir='ltr'>apud</span> <span class='ocrx_word' id='word_1_337' title='bbox 621 4339 745 4418; x_wconf 81' lang='lat' dir='ltr'>Cawod,</span> <span class='ocrx_word' id='word_1_338' title='bbox 768 4340 931 4402; x_wconf 86' lang='lat' dir='ltr'>emanavit</span> <span class='ocrx_word' id='word_1_339' title='bbox 953 4340 1101 4421; x_wconf 86' lang='lat' dir='ltr'>quaedam</span> <span class='ocrx_word' id='word_1_340' title='bbox 1124 4319 1285 4400; x_wconf 54' lang='lat' dir='ltr'>literam</span> <span class='ocrx_word' id='word_1_341' title='bbox 1241 4341 1302 4413; x_wconf 55' lang='lat' dir='ltr'>No,-</span> <span class='ocrx_word' id='word_1_342' title='bbox 1303 4307 1368 4412; x_wconf 58' lang='lat' dir='ltr'>¹1⁸4⁰⁸J</span> 
     </span>
     <span class='ocr_line' id='line_1_41' title="bbox 71 4429 1216 4518; baseline 0 -25"><span class='ocrx_word' id='word_1_343' title='bbox 71 4429 280 4512; x_wconf 85' lang='lat' dir='ltr'>..capitulo</span> <span class='ocrx_word' id='word_1_344' title='bbox 302 4430 438 4516; x_wconf 85' lang='lat' dir='ltr'>Rypon’,</span> <span class='ocrx_word' id='word_1_345' title='bbox 453 4434 495 4497; x_wconf 86' lang='lat' dir='ltr'>ad</span> <span class='ocrx_word' id='word_1_346' title='bbox 517 4435 726 4500; x_wconf 84' lang='lat' dir='ltr'>relaxandum</span> <span class='ocrx_word' id='word_1_347' title='bbox 750 4440 953 4518; x_wconf 85' lang='lat' dir='ltr'>sequestrum</span> <span class='ocrx_word' id='word_1_348' title='bbox 976 4434 1216 4515; x_wconf 86' lang='lat' dir='ltr'>interpositum,</span> 
     </span>
    </p>
   </div>
   <div class='ocr_carea' id='block_1_10' title="bbox 0 0 1507 5010">
    <p class='ocr_par' dir='ltr' id='par_1_10' title="bbox 0 0 1507 5010">
     <span class='ocr_line' id='line_1_42' title="bbox 0 0 1507 5010; baseline 0 0"><span class='ocrx_word' id='word_1_349' title='bbox 0 0 1507 5010; x_wconf 95' lang='lat' dir='ltr'> </span> 
     </span>
    </p>
   </div>
  </div>
 </body>
</html>
