3044 4994
314 338 489 393 Imm!
513 338 612 391 1³80!
636 339 731 390 TORK
758 338 970 401 sturm&
997 338 1149 391 tructos,

154 526 194 569 ex
209 506 357 570 fidelium
372 506 557 570 elemosinis
572 507 792 590 coadjuvetnr.
839 506 933 569 l'nde
953 507 1104 569 dominus
1118 507 1302 570 willelmus

153 600 415 685 archiepiscopus
439 602 591 664 omnibus
615 602 875 665 benefactoribus
898 603 996 663 diotre
1018 602 1146 663 fabricre
1166 603 1210 663 xl.
1230 604 1301 664 dies

153 698 316 775 concedit,
324 704 359 759 et
373 717 486 760 omnes
499 696 728 780 archiepicopi
740 699 835 760 Ebor.
844 712 1001 780 quotquot
1017 718 1037 759 a
1051 710 1196 779 tempore
1209 698 1301 761 Beati

153 792 299 857 wilfridi
313 793 444 856 fuerunt
460 795 682 875 unusquisqne
695 810 703 853 t
708 792 794 876 pro)
808 814 842 854 se
857 794 888 854 xl
903 793 972 854 dies
985 793 1153 866 concedit3
1176 813 1301 854 summa

153 887 282 951 dierum
304 888 401 951 deme
417 889 483 971 xxij
499 910 540 965 c.,
554 889 587 950 lx
601 902 634 951 et
652 889 695 971 rij
712 889 804 951 dies.¹
850 888 985 950 Summa
1000 889 1169 949 missamm
1185 909 1252 961 ccc,
1266 898 1300 951 et

152 976 292 1046 aliarum
305 984 490 1047 oracionum
505 1004 602 1046 nemo
616 986 705 1045 norit
721 985 785 1044 nisi
801 983 888 1045 solus
903 983 1001 1045 Deus.
1044 982 1132 1065 (Do)
1146 996 1181 1046 te
1200 985 1302 1066 igitur
1326 999 1361 1070 sc
1372 998 1440 1046 lure

154 1078 364 1141 elemosinam
376 1087 413 1140 ut
430 1080 538 1140 omnia
552 1080 673 1141 munda
687 1081 751 1140 sint
769 1078 869 1153 robis,
880 1079 957 1160 quia
972 1079 1148 1140 elemosina
1163 1099 1182 1140 a
1198 1086 1301 1141 morte
1325 1064 1410 1163 3,ss

154 1172 283 1251 liberet,
296 1180 429 1256 peccota
441 1184 569 1257 purgat,
584 1186 617 1236 et
633 1173 712 1236 facit
726 1176 873 1235 invenire
886 1177 986 1236 sitam
997 1188 1164 1235 aetemam.
1208 1174 1299 1236 Sicut
1326 1178 1403 1281 {24⁹

154 1288 238 1351 aqna
251 1269 364 1353 ignem
378 1269 546 1331 ardentem
561 1272 738 1353 extinguit,
754 1272 800 1331 ita
815 1270 992 1332 elemosina
1014 1276 1147 1351 peccato
1168 1271 1301 1332 resistit.
1326 1295 1361 1338 m
1370 1251 1418 1340 εἴ

221 1363 362 1425 Nomina
375 1374 582 1446 qnaestorum.
627 1365 811 1427 Willelmns
833 1366 874 1427 de
890 1366 1069 1447 synderby,
1084 1365 1246 1427 Robertus
1260 1366 1302 1427 de

156 1456 338 1537 Sbirbum’,
352 1459 497 1542 Rogems
517 1461 559 1522 de
582 1461 708 1541 Peples,
722 1459 889 1523 Jobsnnes
910 1461 952 1522 de
974 1460 1101 1542 Peples,
1117 1461 1238 1543 Symon
1259 1461 1301 1522 de

156 1553 362 1616 Pontefiacto
375 1555 470 1617 aliter
483 1556 591 1618 dictus
606 1556 647 1618 de
663 1556 831 1619 Sartrinn.²

223 1696 387 1760 Honorius
396 1696 496 1781 (ΙΙΙ.)
507 1699 686 1780 episcopus,
698 1720 808 1762 servus
823 1721 986 1762 serrorum
998 1700 1071 1779 Dei,
1082 1701 1211 1763 dilectis
1225 1701 1300 1764 filiis
1326 1704 1381 1760 (tre
1392 1704 1426 1757 s.)

157 1793 275 1855 rectori
300 1799 334 1855 et
360 1792 513 1856 fratribus
541 1792 710 1876 hospitalis
740 1796 850 1858 Sancti
880 1793 1047 1859 Johannes
1077 1796 1234 1878 Baptistae
1258 1798 1299 1858 de
1324 1764 1453 1867 ῗὲιιῗ,

156 1885 293 1970 Bypon’,
313 1888 498 1951 salutemet
515 1891 723 1970 apostolioem
745 1891 1016 1953 benediccionem.
1062 1890 1144 1953 Cum
1165 1891 1301 1953 decimte
1326 1904 1473 1974 Priores·-

156 1984 308 2045 dicantur
321 1983 446 2045 tributa
460 1986 630 2068 egencium
646 1986 828 2047 animarum
850 1986 933 2048 bona
955 1986 1070 2047 domus
1091 1992 1206 2048 vestrae
1227 2007 1300 2069 quae
1323 1963 1443 2066 mim

157 2086 237 2141 sunt
251 2080 361 2161 egenis
375 2079 523 2161 ascripta,
537 2081 629 2162 quasi
640 2081 818 2163 quodjuris
833 2081 975 2143 debitos
990 2081 1189 2142 decimarum
1204 2101 1300 2144 onere
1324 2080 1441 2157 '‘Q“

155 2174 317 2236 immunia
331 2176 398 2237 sint
412 2176 576 2253 servanda,
591 2195 632 2238 ne
652 2175 733 2237 forte
755 2174 907 2257 hospitali
923 2184 955 2238 et
972 2176 1045 2237 aliis
1066 2177 1128 2257 piis
1151 2177 1301 2258 operibus
1325 2138 1442 2257 We·

156 2289 294 2351 qnorum
316 2275 394 2332 sunt
415 2270 518 2332 officio
540 2271 695 2353 deputata
717 2274 826 2332 minus
850 2271 1019 2347 sufficiant,
1042 2278 1077 2332 et
1098 2272 1183 2354 quod
1206 2273 1303 2336 datur
1325 2262 1478 2360 mast

156 2365 351 2447 pauperibus
360 2366 602 2447 pauperioribus
612 2365 786 2442 auferatur,
798 2386 836 2427 ea
845 2375 985 2448 propter,
994 2367 1107 2429 dilecti
1116 2370 1151 2429 in
1163 2368 1303 2431 Domino
1326 2374 1412 2443 ⁸⁰⁸,ss

158 2461 231 2539 lilii,
252 2463 368 2523 vestris
390 2463 454 2543 piis
476 2462 766 2543 supplicacionibus
792 2470 885 2544 gmto
910 2471 1137 2525 concurrentes
1158 2483 1302 2541 assensu,
1326 2439 1463 2545 mm

157 2557 350 2619 auctoritate
372 2556 462 2619 vobis
483 2559 695 2638 praesencium
717 2556 937 2639 indulgemus,
956 2563 992 2617 ut
1014 2557 1055 2619 de
1078 2559 1172 2619 terris
1187 2560 1303 2621 vestris

157 2650 278 2714 habitis
306 2658 383 2714 ante
413 2652 585 2713 concilium
612 2651 773 2735 generale,
797 2671 876 2732 quas
899 2652 1035 2732 propriis
1065 2653 1216 2716 manibus
1245 2660 1304 2715 sut

159 2748 344 2830 sumptibus
366 2747 484 2823 colitis,
509 2768 566 2809 seu
591 2748 632 2808 de
659 2748 738 2809 ortis
763 2753 822 2808 aut
844 2746 885 2807 de
908 2754 1088 2808 vestrorum
1113 2749 1303 2811 animalium

158 2844 380 2920 nutrimentis,
405 2842 515 2904 nullus
542 2861 562 2903 a
586 2843 676 2903 vobis
705 2841 847 2902 decimas
877 2841 1005 2924 exigere
1035 2843 1087 2904 rel
1116 2852 1304 2926 extorquere

158 2944 342 3020 praesumat.
386 2938 479 2999 Nulli
494 2938 596 3021 igitur
613 2938 744 2999 omnino
759 2934 930 2998 homiuum
946 2936 1043 2998 liceat
1058 2935 1141 3000 hune
1152 2941 1305 3023 paginam

159 3039 277 3097 nostrae
291 3035 504 3096 concessionis
523 3032 712 3116 infringere,
727 3031 778 3093 vel
794 3033 824 3094 ei
840 3050 922 3092 ausu
944 3033 1114 3093 temerario
1135 3035 1304 3097 contraire..

160 3127 196 3191 Si
221 3130 295 3210 quis
318 3134 429 3191 autem
455 3127 514 3190 hoc
540 3133 736 3209 attemptare
766 3127 1016 3208 praesumpserit,
1043 3126 1305 3209 indignacionem

159 3222 399 3306 Omnipotentis
428 3224 489 3286 Dei
521 3229 556 3285 et
582 3224 757 3285 Beatorum
785 3222 874 3283 Petri
900 3226 932 3282 et
957 3220 1052 3282 Pauli
1078 3221 1305 3303 Apostolorum

158 3318 238 3401 Ejus
259 3339 293 3381 se
319 3320 444 3381 noverit
464 3320 678 3380 incursurum.
724 3318 799 3380 Dnt.
821 3316 982 3393 Laterani,
1005 3314 1039 3398 iij
1061 3316 1113 3378 Id.
1135 3317 1304 3383 Decembr.

159 3414 363 3497 pontificatus
379 3415 480 3476 nostri
494 3433 579 3476 anno
594 3414 742 3495 septime.

225 3548 418 3627 Willelmus,
455 3550 675 3630 permissione,
705 3556 768 3610 etc.
799 3548 917 3610 dilecto
951 3548 1018 3611 filio
1048 3548 1167 3612 ballivo
1196 3556 1305 3613 nostro
1330 3560 1401 3621 (⁴⁰1)

160 3644 287 3727 Rypon,
318 3644 468 3723 salutem,
498 3645 650 3728 graciam,
681 3648 716 3705 et
746 3643 1018 3707 benediccionem.
1079 3645 1237 3708 Volumus
1271 3651 1305 3709 et
1329 3622 1459 3726 ffi„¹1⁸‚¹⁸'

160 3739 351 3801 mandamus
375 3744 534 3821 quatenus
557 3738 704 3801 homines
727 3744 761 3800 et
783 3759 933 3821 personas
956 3739 1040 3801 infra
1062 3740 1248 3805 libertatem
1271 3747 1306 3805 et
1333 3763 1441 3821 omar.

159 3833 310 3897 ballivam
326 3840 468 3896 nostram
483 3834 598 3917 Rypon
619 3839 852 3896 commorantes
870 3835 911 3896 cd
926 3835 1200 3899 contribucionem
1215 3838 1305 3901 mille
1330 3828 1408 3867 ''⁰⁸⁸‘'
1419 3822 1471 3869 Μ

212 3959 254 4029 (l)
272 3958 329 4012 The
346 3958 474 4013 numbers
492 3975 537 4012 are
556 3957 690 4028 certainly
702 3958 833 4028 correctly
845 3958 938 4029 copied
958 3957 1028 4011 from
1044 3959 1090 4013 the
1110 3960 1179 4029 MS,
1191 3958 1240 4015 but
1258 3962 1305 4015 tho

159 4054 261 4090 namma
278 4037 382 4091 dmm
400 4037 463 4107 only
474 4054 565 4090 comes
583 4042 612 4090 to
633 4037 704 4090 1440
722 4035 826 4089 instead
845 4035 877 4089 of
890 4036 961 4090 2207
979 4036 1047 4107 days
1065 4037 1090 4090 is
1104 4055 1146 4092 we
1159 4038 1258 4093 rcckon
1270 4040 1306 4091 36

160 4114 334 4187 crehbishops
345 4115 474 4186 granting
485 4115 521 4168 40
533 4115 601 4184 days
613 4114 689 4168 esch.
727 4114 793 4168 And
810 4113 885 4168 whst
899 4113 922 4167 is
939 4114 986 4168 the
1004 4115 1128 4183 meaning
1146 4116 1177 4170 oi
1194 4117 1241 4171 tho
1253 4118 1307 4171 300

160 4194 282 4249 messes?
318 4194 407 4248 There
428 4210 515 4247 seems
532 4199 562 4246 to
580 4192 614 4247 be
635 4208 708 4247 some
728 4197 806 4262 great
829 4191 944 4246 moure
968 4192 996 4245 in
1021 4193 1068 4248 the
1093 4193 1253 4249 calculation
1277 4192 1309 4247 oi

160 4271 196 4326 da
216 4290 237 4327 s.

196 4290 259 4419 yffi)
278 4350 321 4403 On
334 4367 368 4403 en
380 4349 498 4404 undated
509 4348 560 4421 slip
571 4348 689 4403 inserted
702 4357 731 4401 st
744 4348 779 4402 io.
792 4349 845 4400 518
853 4366 876 4415 v,
889 4348 978 4401 where
997 4365 1042 4403 arc
1060 4348 1117 4403 also
1135 4348 1307 4417 indulgcucee

161 4426 204 4481 sor
215 4427 293 4482 York
306 4427 359 4482 and
370 4427 510 4498 Beverley.
547 4426 674 4482 Scrtre'm
685 4426 709 4480 is
721 4425 768 4479 the
786 4442 859 4479 some
872 4443 902 4480 es
915 4426 1078 4493 Scrtrinum,
1090 4441 1106 4480 a
1118 4424 1220 4481 trilor's
1231 4424 1305 4499 drop.

734 4520 777 4566 02
