2992 5010
105 302 178 375 130
645 323 855 377 unnonnus
880 323 925 375 or
951 321 1071 374 arnon.

103 512 162 559 Μ
278 492 336 573 qui
350 490 473 554 ibidem
488 492 666 554 sustentari
688 495 928 556 consueverunt
949 489 1117 572 perpetuis
1139 489 1340 571 temporibus
1354 511 1428 572 per-

105 558 216 607 ”hm
279 587 407 665 durare,
431 587 472 650 de
503 608 562 650 sua
584 608 673 651 mera
698 587 866 650 voluntate
896 587 988 649 dedit
1017 592 1051 648 et
1080 589 1238 648 concessit
1264 607 1302 648 ει
1332 606 1429 648 causa

278 683 445 766 praedicta,
459 705 496 746 ac
512 685 615 746 eciam
630 686 665 746 in
679 684 1014 766 recompensacionem
1026 683 1125 743 stauri
1142 683 1207 745 sive
1222 682 1427 765 Implementi

279 779 438 861 praedicti,
467 780 503 841 in
540 777 660 842 honore
697 780 760 843 Dei
798 779 1041 861 Omnipotentis
1071 783 1106 840 et
1142 780 1288 860 praedicti
1319 778 1430 841 Sancti

104 885 260 958 rheginum
277 874 299 936 J
300 872 448 952 ohannis,
462 871 617 956 hospitali
634 875 789 957 praedicto
805 874 892 937 bona
906 880 942 936 et
955 874 1073 936 catalla
1087 873 1280 955 subscripta,
1296 874 1431 950 scilicet,

106 944 227 1062 affl}
281 969 363 1032 duos
378 989 487 1051 equos,
502 972 603 1051 precii
618 969 794 1052 cujuslibet
808 969 901 1052 xvjs,
917 970 1016 1047 Item,
1031 971 1109 1031 alios
1125 975 1192 1031 tres
1208 990 1318 1051 equos,
1330 969 1431 1050 precii

106 1061 241 1108 'limi‘
278 1064 455 1147 cujuslibet
481 1065 552 1147 rja,
575 1067 662 1127 Item
686 1065 857 1128 duodecim
881 1065 990 1142 boves,
1017 1066 1119 1147 precii
1146 1064 1320 1147 cujuslibet
1345 1064 1430 1146 xijo,

105 1121 245 1252 &aa
280 1161 368 1224 Item
391 1160 471 1222 duas
496 1181 617 1239 vaccas,
639 1162 740 1243 precii
764 1161 940 1244 cujuslibet
962 1181 1021 1237 xa,
1053 1162 1139 1222 Item
1165 1168 1237 1222 octe
1260 1159 1429 1241 boppcttca,

106 1264 185 1323 Mn·
279 1256 380 1338 precii
401 1255 577 1337 cujuslibet
599 1254 686 1334 xvd,
702 1258 789 1318 Item
811 1278 848 1318 cc
869 1256 1018 1332 multon',
1032 1257 1133 1338 precii
1149 1255 1324 1336 cujuslibet
1339 1252 1428 1335 xvjd.

113 1359 116 1363 ’
280 1371 339 1434 per
360 1350 465 1432 majus
487 1357 632 1429 centum,
655 1353 743 1414 Item
765 1358 900 1414 centum
922 1371 997 1413 oves
1019 1351 1181 1427 matrices,
1197 1351 1295 1431 precii
1319 1348 1429 1430 cujus-

279 1446 362 1511 libet
375 1445 464 1529 xvjd.
473 1469 532 1531 per
546 1448 652 1532 majus
667 1453 812 1526 centum,
824 1450 937 1511 Itemc
952 1467 1063 1530 agnos,
1072 1449 1173 1528 precii
1184 1446 1361 1529 cujuslibet
1373 1442 1428 1506 xd.

109 1558 248 1607 nmero
280 1562 338 1626 per
352 1542 457 1626 majus
473 1548 618 1622 centum,
635 1547 722 1607 Item
736 1565 837 1606 unam
846 1544 968 1626 pelvim
979 1564 1053 1605 cum
1064 1543 1228 1618 lavatorio,
1241 1543 1340 1624 precii
1355 1541 1429 1622 vija.

106 1618 188 1677 Μ*
281 1636 349 1717 ιᾱ.,
371 1640 459 1701 Item
481 1661 585 1703 unum
608 1661 666 1723 par
688 1641 729 1703 de
751 1639 871 1717 ander',
893 1639 993 1722 precii
1016 1637 1108 1721 xijd,
1132 1640 1219 1700 Item
1242 1639 1277 1700 in
1294 1656 1431 1713 camera,

106 1754 246 1803 nummus
280 1734 304 1818 ij
328 1735 425 1797 cistas
447 1755 524 1798 cum
545 1738 765 1800 monumentis
788 1734 882 1820 (sic),
902 1717 1003 1817 precii
1020 1735 1097 1817 iijs,
1121 1735 1209 1796 Item
1231 1735 1266 1795 in
1285 1733 1432 1815 coquina,

107 1814 193 1863 Μ*
280 1830 304 1914 ij
315 1830 394 1894 ollas
409 1852 524 1909 aeneas,
539 1833 640 1915 precii
654 1854 713 1908 va,
728 1834 816 1895 Item
830 1853 934 1894 unum
949 1830 1119 1907 urciolum,
1128 1831 1229 1913 precii
1238 1828 1331 1913 xijd,
1347 1831 1432 1891 Item

281 1926 306 2009 ij
322 1926 466 2004 cacabos,
481 1929 579 2009 precii
596 1928 660 2010 ijs,
683 1929 770 1991 Item
785 1948 885 1991 unam
899 1927 1056 2009 patellam
1071 1926 1112 1989 de
1127 1948 1236 2009 cupro,
1252 1927 1352 2008 precii
1368 1925 1433 2007 iija.

280 2020 378 2104 iiijd,
410 2023 496 2085 Item
525 2043 626 2086 unam
654 2024 808 2107 patellam
833 2044 969 2101 aeneam,
998 2023 1099 2105 precii
1123 2022 1187 2105 ijs,
1218 2025 1305 2085 Item
1332 2042 1433 2084 unum

281 2116 399 2204 tr‘rpod
420 2119 504 2182 ferr’.
520 2126 554 2182 et
572 2121 586 2203 j
603 2121 692 2204 long.
706 2126 832 2198 ενεεεεί,
847 2122 948 2203 precii
964 2120 1028 2202 ijs,
1044 2121 1130 2182 Item
1146 2119 1168 2202 ij
1186 2119 1358 2197 carentor'‚¹
1376 2138 1432 2179 sex

280 2215 477 2298 parapsides,
501 2235 557 2276 sex
578 2216 694 2294 discos,
717 2222 752 2279 et
776 2237 831 2279 sex
854 2216 985 2279 salsaria
1003 2216 1043 2278 de
1066 2217 1183 2297 peltro,
1209 2218 1309 2297 precii
1334 2216 1432 2296 viija,

281 2311 368 2373 Item
384 2311 419 2371 in
441 2310 591 2391 pistrina,
605 2331 709 2374 unum
733 2311 904 2394 plumbum
928 2312 962 2372 in
984 2311 1123 2390 fornace,
1138 2313 1237 2393 precii
1260 2312 1315 2394 viij
1332 2309 1431 2372 solid.

281 2403 361 2487 vjn,
391 2406 478 2466 Item
509 2406 574 2468 duo
603 2427 701 2487 parva
730 2407 874 2489 plumba,
904 2408 1005 2489 precii
1035 2407 1105 2488 vja,
1137 2414 1171 2468 et
1201 2408 1327 2468 dirersa
1357 2427 1433 2468 vasa

281 2499 401 2584 lignea,
431 2500 531 2581 precii
560 2501 649 2581 iiijs,
680 2502 767 2563 Item
797 2503 833 2563 in
862 2501 996 2584 capella,
1027 2522 1128 2563 unum
1155 2502 1284 2564 missale
1315 2502 1432 2576 debile,

283 2596 371 2658 Item
401 2615 505 2657 unum
534 2596 737 2678 portiforium
775 2601 926 2658 notatum
964 2596 1133 2674 sufficiens,
1165 2617 1269 2658 unum
1300 2598 1432 2659 calicem

284 2711 359 2754 cnm
389 2695 508 2771 patena
536 2691 726 2770 sufficiente,
757 2692 844 2754 Item
874 2712 977 2754 unum
1003 2694 1236 2754 vestimentum
1260 2692 1433 2770 sufficiens,

284 2790 321 2849 et
346 2805 450 2847 unum
477 2786 567 2848 aliud
599 2788 832 2849 vestimentum
854 2787 973 2865 debile,
1003 2788 1090 2849 Item
1114 2788 1177 2850 tria
1208 2788 1354 2871 togalia⁹
1376 2810 1434 2870 pro

170 2924 177 2938 .
284 2881 391 2959 altari,
422 2883 509 2944 Item
545 2903 648 2945 unum
680 2884 924 2968 manutergium
953 2884 1123 2966 pendens,³
1152 2884 1241 2946 Item
1275 2885 1311 2946 in
1348 2887 1433 2962 aula,

286 2997 386 3041 unam
415 2976 562 3040 tabulam
591 2979 770 3041 mensalem
799 3000 875 3042 cum
909 2980 1059 3042 tristellis
1095 3001 1153 3062 pro
1185 2980 1253 3041 alte
1290 2982 1433 3058 scanno,⁴

286 3074 374 3136 Item
397 3093 497 3135 unam
519 3073 665 3137 tabulam
687 3095 745 3156 pro
766 3075 906 3138 secundo
930 3096 1060 3152 scanno,
1089 3077 1177 3138 Item
1198 3075 1286 3157 apud
1308 3076 1435 3138 Hauer-

173 3181 180 3195 ·
286 3169 394 3247 croft,⁵
417 3189 517 3231 unam
542 3176 701 3232 carectam
726 3171 939 3235 sufficientem
967 3171 1050 3234 ferro
1080 3171 1225 3256 ligatam,
1256 3193 1331 3235 cum
1360 3178 1431 3235 toto

287 3272 446 3348 apparatu
468 3286 525 3346 pro
547 3272 686 3349 quatuor
709 3270 811 3350 equis,
827 3269 914 3330 Item
935 3288 1035 3331 unam
1057 3267 1154 3330 aliam
1174 3275 1335 3331 carectam
1349 3268 1434 3331 ferro

287 3362 424 3445 ligatam
454 3383 529 3423 cum
558 3368 716 3444 apparatu
746 3384 804 3445 pro
833 3364 939 3428 tribus
962 3365 1064 3447 equis,
1088 3365 1175 3427 Item
1201 3364 1282 3426 duas
1303 3385 1433 3427 carneas

287 3478 362 3519 cnm
392 3461 462 3517 tote
491 3465 657 3538 apparatu,
690 3458 768 3533 Quae
798 3461 930 3540 quidem
960 3459 1043 3522 bona
1071 3466 1106 3522 et
1135 3460 1252 3523 catalla
1280 3460 1433 3542 praefat-us

288 3550 439 3612 dominus
478 3550 639 3612 Henricus
677 3552 828 3615 liberavit
855 3554 1039 3636 supradicto
1065 3555 1197 3617 domino
1224 3553 1367 3618 Johanni
1393 3554 1433 3615 de

290 3643 412 3726 Brigg',
428 3642 577 3706 habenda
593 3652 628 3707 et
647 3648 858 3710 custodienda
879 3649 920 3711 ad
942 3670 1023 3730 opus
1046 3650 1160 3713 domus
1182 3651 1364 3733 praedictae3
1386 3651 1435 3712 ita

290 3740 376 3821 quod
393 3740 480 3801 idem
496 3739 647 3803 dominus
662 3741 839 3822 Iohannes,
848 3765 905 3826 pro
920 3750 1066 3827 ternpore
1075 3766 1139 3827 quo
1154 3745 1312 3829 hospitale
1328 3748 1435 3828 ipsum

343 3948 385 4017 (1)
405 3949 574 4019 Apparently
586 3953 594 3981 ‘
604 3951 744 4021 chargars?
780 3952 829 4007 See
841 3952 970 4025 Ducange
982 3971 1003 4008 s.
1016 3974 1041 4008 v.
1059 3955 1177 4009 Corcura.

346 4027 389 4096 (2)
408 4027 462 4080 For
474 4027 579 4096 tobalia,
592 4029 639 4083 the
651 4029 726 4084 three
737 4030 810 4085 linen
831 4032 1004 4087 altar-clotbs
1022 4034 1145 4105 required
1163 4033 1199 4105 by
1211 4034 1259 4088 the
1271 4050 1356 4087 canon
1374 4032 1436 4087 lan.

293 4103 415 4174 (lyndie.
427 4105 475 4159 lib.
488 4106 526 4159 iii.
539 4107 582 4161 tit.
596 4107 640 4176 27,
652 4109 737 4176 note.)

347 4185 390 4252 (3)
409 4183 546 4256 Probably
556 4185 598 4240 for
612 4204 657 4241 use
669 4189 747 4242 when
759 4188 807 4242 the
816 4190 899 4261 priest
909 4191 1016 4245 washed
1028 4190 1071 4246 his
1080 4191 1169 4245 hands
1179 4189 1268 4246 before
1277 4190 1330 4243 and
1339 4189 1438 4260 during

292 4279 371 4316 mass.
409 4264 500 4329 (Ycrk
512 4266 617 4332 Musoni,
630 4267 647 4319 i.
662 4268 722 4335 165,
736 4269 809 4337 171.)

347 4342 389 4410 (t)
409 4342 463 4394 For
474 4361 587 4413 scamno,
599 4345 729 4417 referring
741 4354 769 4400 te
784 4348 830 4402 the
843 4352 851 4380 ⁴
858 4348 935 4420 High
947 4348 1048 4404 Table.’

346 4419 387 4486 (ol
407 4419 456 4474 See
469 4438 494 4491 p.
510 4423 568 4476 123.
