2992 5010
621 339 828 392 undonmns
852 339 897 391 01¹¹
922 339 1043 392 RIPON.

260 514 295 571 et
309 506 494 593 chargeoms
511 528 566 571 sur
587 507 619 569 18
639 506 695 590 foy
709 511 742 570 et
765 506 894 569 lamiste
917 527 982 589 que
1006 527 1085 568 vous
1111 527 1193 569 nous
1217 507 1317 568 (18888
1341 526 1405 587 888

260 603 354 666 deinz
368 626 425 667 voz
440 610 540 667 terres
555 602 689 665 dedeinz
704 603 735 665 lc
750 603 801 665 dit
823 603 949 667 Counte
965 607 999 664 et
1013 603 1125 665 devers
1147 603 1177 666 le
1200 601 1304 665 North
1320 602 1406 663 18888

260 701 405 783 assigner
433 700 491 762 des
515 745 523 764 .
548 743 557 762 .
580 698 728 762 suffisanz
751 718 815 780 888
840 719 862 780 y
892 703 966 760 sont
989 719 1071 780 pour
1095 700 1212 760 8118181
1235 697 1266 760 18
1290 698 1406 779 poeple

260 794 396 857 dedeinz
412 801 518 859 vostre
541 795 733 877 seigneurye
756 795 862 856 881888
885 794 918 856 18
942 794 1012 856 dite
1027 795 1102 873 8118,
1119 796 1211 877 sique
1236 795 1276 855 ils
1299 795 1405 855 soient

260 896 386 971 prestez
402 890 490 954 (18181
511 910 654 972 8888888
676 909 758 952 nous
780 909 822 951 ou
845 909 903 952 ove
924 896 1028 968 autre,
1043 911 1107 972 que
1131 910 1213 952 nous
1235 890 1340 970 plerra
1364 933 1372 950 .
1397 934 1405 950 .

259 986 328 1048 1188
343 1007 362 1048 8
377 988 529 1050 rebouter
554 987 586 1048 18
600 985 715 1048 malice
736 985 779 1047 (18
800 1004 860 1047 888
882 987 1006 1048 cnemis
1029 987 1207 1048 auantditz.
1252 986 1297 1046 Et
1318 991 1405 1046 ceste

259 1080 366 1160 chose,
382 1085 500 1145 sicome
522 1102 601 1144 vous
621 1101 711 1145 amez
732 1082 765 1143 le
788 1079 913 1143 honour
932 1081 974 1144 de
997 1101 1079 1144 nous
1100 1087 1135 1144 81
1157 1081 1189 1143 18
1209 1086 1340 1144 8881818
1365 1081 1406 1142 de

259 1182 368 1239 nostre
383 1176 516 1239 roialme
537 1181 572 1238 et
591 1176 632 1238 118
654 1181 764 1240 nostre
786 1176 913 1258 poeple,
937 1221 945 1240 .
970 1222 978 1239 .
1000 1197 1043 1238 ne
1061 1178 1170 1239 lessez.
1216 1178 1308 1238 Done
1331 1197 1405 1237 souz

259 1278 368 1335 nostre
393 1273 486 1355 priue
511 1272 576 1334 8881
591 1292 611 1333 8
634 1269 844 1354 Notyngham
866 1271 943 1354 lexj
961 1272 1032 1334 iour
1054 1271 1096 1333 de
1123 1271 1258 1335 Octobre
1284 1272 1338 1334 188
1364 1271 1406 1332 de

259 1373 369 1431 nostre
384 1388 484 1451 regne
498 1369 629 1450 primer.

325 1463 371 1526 Io
386 1461 495 1526 dorso.

327 1556 410 1644 [W.]
440 1579 497 1641 par
533 1558 566 1620 18
596 1557 771 1621 soeffrance
800 1558 841 1621 de
878 1558 964 1621 Dion
994 1561 1197 1643 Erceuesque
1226 1559 1406 1641 Deuervvyk

259 1655 385 1717 Primas
400 1655 624 1739 Dengleterre,
639 1675 659 1717 8
673 1652 812 1717 Thomas
827 1655 941 1738 Dryng
954 1662 1064 1719 nostre
1079 1657 1194 1718 Baillil
1204 1656 1245 1719 de
1260 1657 1406 1732 Beuerle,

260 1751 357 1814 88188.
402 1751 492 1813 Nous
507 1770 673 1813 receumes
688 1749 719 1812 18
734 1749 809 1813 bref
828 1795 836 1813 .
862 1796 870 1814 .
893 1751 924 1813 18
940 1751 1012 1828 Roi,
1028 1751 1059 1814 18
1078 1751 1154 1835 jour
1168 1752 1209 1815 de
1232 1752 1263 1814 18
1278 1751 1405 1813 1888888

259 1848 301 1911 de
315 1851 420 1909 888188
436 1867 511 1909 8888
527 1846 558 1909 18
573 1852 692 1908 tenour
705 1851 857 1929 qensuyt.
902 1848 1048 1925 Edward,
1064 1854 1127 1910 818.
1142 1854 1179 1910 vt
1193 1847 1288 1909 infra.

325 1943 465 2025 Perquei
479 1962 561 2004 nous
583 1963 662 2005 vous
683 1941 853 2006 mandoms
877 1947 912 2005 81
936 1941 1124 2027 chargcoms
1147 1988 1156 2007 .
1181 1989 1189 2008 .
1212 1963 1302 2006 come
1324 1962 1406 2005 nous

258 2059 370 2122 poems
384 2060 448 2122 888
463 2060 543 2101 vous
558 2038 643 2101 18888
658 2038 705 2100 du
724 2038 775 2101 dit
789 2038 864 2101 bref
874 2040 957 2101 bone
972 2044 1008 2102 81
1022 2038 1147 2102 11881118
1170 2041 1342 2103 8118888188
1364 2039 1406 2100 de

259 2155 319 2199 noz
334 2139 431 2219 genta
447 2134 541 2198 (18188
556 2140 663 2196 vostre
677 2134 800 2213 baillia,
815 2140 851 2197 81
865 2155 902 2197 88
918 2155 960 2198 88
976 2137 1076 2198 188888
1098 2156 1139 2198 88
1160 2136 1250 2198 88118
1266 2155 1406 2211 manere,

260 2237 295 2294 81
309 2252 389 2294 vous
411 2251 453 2293 en
467 2251 581 2294 888188
596 2230 753 2292 18118888
768 2230 915 2292 certefiez
937 2231 1096 2293 duement
1111 2232 1137 2292 81
1153 2251 1194 2292 88
1210 2230 1301 2292 haste
1316 2250 1406 2291 come

259 2347 339 2389 vous
355 2346 477 2409 purrez.
515 2346 535 2388 8
550 2327 636 2388 Dieu
658 2370 667 2387 .
691 2325 763 2387 Dori
779 2345 798 2386 8
813 2325 982 2408 Euervvyk,
998 2327 1029 2388 18
1044 2347 1085 2388 xv
1096 2326 1172 2407 jour
1187 2326 1336 2402 Octobre,
1352 2326 1404 2386 lun

260 2422 302 2485 de
318 2426 427 2484 nostre
444 2467 479 2485 ..

326 2518 371 2579 Et
393 2516 638 2579 memorandum
659 2515 745 2597 quod
768 2516 951 2577 consimiles
977 2515 1080 2578 literae
1105 2521 1298 2578 emanarunt
1320 2515 1407 2577 dicto

259 2612 368 2674 xvdie
385 2611 530 2674 Octobris
546 2610 681 2672 Ballivis
702 2610 744 2673 de
768 2655 777 2672 .
801 2655 809 2672 .
834 2608 1022 2689 Shirboum,
1037 2612 1078 2674 de
1101 2610 1349 2674 Hextildesham
1373 2620 1407 2673 81

259 2707 300 2769 de
324 2751 333 2768 .
357 2752 365 2767 .
388 2726 446 2786 pro
462 2707 653 2768 execucione
668 2705 829 2767 consimili
843 2704 1000 2768 facienda.

327 2798 443 2884 (Mart
465 2799 504 2883 os
525 2799 672 2863 circulor
694 2799 762 2863 8881
784 2799 825 2863 18
847 2799 907 2864 red
921 2800 1132 2881 1811811818.
1151 2800 1295 2888 1818811.
1344 2800 1407 2865 lte

254 2895 426 2980 sore-odys
441 2895 583 2960 18188811
599 2895 790 2995 (1818811811
805 2916 840 2960 so
856 2917 895 2960 os
909 2902 942 2961 to
958 2895 993 2961 bc
1007 2897 1178 2981 111881118.)

87 3110 174 3169 (ess.)
327 3082 522 3161 Willelmus,
545 3084 754 3165 permissione
769 3084 899 3163 Divina,
921 3089 984 3148 etc.
1007 3084 1137 3148 dilectis
1162 3085 1239 3147 filiis
1266 3085 1407 3166 capitulo

86 3169 213 3289 3838113928·
261 3180 404 3241 ecclesiae
426 3185 542 3241 nostrae
565 3178 691 3261 Ripon',
722 3180 871 3257 salutem,
897 3182 1050 3265 graciam,
1075 3186 1109 3243 81
1134 3181 1407 3244 benediccionem.

89 3311 177 3356 Μ,
261 3274 343 3339 Cum
358 3269 416 3338 nos
434 3296 538 3357 nuper
552 3295 619 3352 vos,
632 3275 812 3356 capitulum
822 3277 1023 3359 praedictum,
1033 3297 1070 3339 88
1085 3297 1197 3339 818888
1212 3280 1248 3338 81
1262 3277 1407 3360 singulos

87 3377 176 3472 ‘Tm
179 3444 199 3472 m
210 3428 237 3472 de
261 3372 427 3433 canonicos
439 3372 539 3452 ipsius
552 3371 692 3431 ecclesiae
707 3376 824 3433 nostrae
839 3371 955 3453 Ripon'
969 3372 1189 3454 disponentes,
1204 3377 1300 3453 prout
1314 3372 1407 3433 nobis

90 3487 217 3542 8881111118,
261 3465 481 3541 incumbebat,
493 3464 568 3545 jure
583 3470 694 3526 nostro
708 3466 867 3528 ordinario
883 3468 1025 3543 visitare,
1033 3466 1204 3528 fecerimus
1216 3465 1312 3548 juxta
1322 3465 1407 3548 juris

87 3546 222 3647 {sse'fflm
262 3561 408 3622 ordinem
433 3580 487 3619 vos
513 3559 658 3641 singulos
682 3561 849 3622 canonicos
873 3562 960 3621 inter
983 3561 1062 3621 alios
1092 3560 1238 3642 ejusdem
1265 3562 1407 3622 ecclesiae

87 3660 187 3719 Rypon’.
262 3660 378 3716 nostrae
406 3654 569 3714 ministros
596 3652 737 3730 divisim,
761 3673 819 3733 per
848 3654 1014 3715 citacionis
1043 3659 1160 3715 nostrae
1189 3657 1405 3736 peremptorie

263 3751 416 3825 edictum,
443 3749 483 3810 ad
510 3746 715 3809 subeundum
739 3748 961 3810 visitacicnem
987 3753 1130 3810 nostram
1153 3755 1241 3812 certo
1263 3752 1315 3813 die
1336 3751 1406 3832 jam

263 3845 387 3919 effluxo,
407 3844 446 3904 ad
467 3843 716 3923 comparendum
739 3863 845 3904 coram
867 3842 960 3906 nobis
977 3843 1124 3926 legItime
1142 3846 1276 3922 evocari,
1291 3847 1406 3907 titulos

261 3941 302 4001 de
326 3938 566 4000 canonicatibus
591 3942 624 3998 et
648 3936 826 4018 praebendis
850 3940 964 4002 vestris
994 3940 1111 4021 quibus
1141 3941 1342 4018 incumbitis,
1373 3947 1408 4002 et

261 4035 441 4114 cuicunque
458 4033 529 4114 quis
545 4037 688 4093 vestrum
703 4033 875 4112 incumbit,
889 4055 925 4095 ac
940 4033 1049 4097 1118188
1064 4037 1212 4098 ordinum
1229 4041 1407 4099 vestrorum

262 4136 296 4191 et
311 4128 486 4209 cujuslibet
500 4134 643 4190 vestrum
659 4127 846 4208 exhibituri,
855 4151 929 4193 cum
944 4129 1012 4193 haec
1023 4132 1116 4194 nobis
1131 4153 1194 4194 non
1205 4138 1407 4213 apparerent,

261 4224 433 4298 ostensuri,
448 4222 575 4300 facturi,
591 4230 625 4285 et
647 4224 785 4288 ulterius
807 4227 968 4307 recepturi
990 4228 1076 4309 quod
1098 4226 1196 4309 hujus
1211 4228 1408 4288 visitacionis

260 4325 377 4380 nostrae
399 4323 515 4379 natura
531 4323 565 4379 et
579 4319 717 4401 qualitas
732 4321 947 4403 requirebant,
963 4324 1234 4404 praeconizatoque
1250 4322 1338 4383 dicto
1353 4322 1406 4383 die

261 4419 295 4474 ct
316 4414 444 4495 publice
466 4416 622 4496 requisito
644 4416 775 4478 domino
795 4416 919 4481 Thoma
941 4418 982 4481 (18
1005 4418 1176 4494 Sobaudia,
1198 4417 1255 4498 qui
1277 4437 1310 4477 se
1325 4417 1407 4480 dicit
