2992 5010
305 326 479 381 masura
504 325 602 380 FROM
627 325 724 381 YORK
749 327 962 396 arumna&
988 329 1065 384 buu.

300 679 493 736 REGISTER
515 680 563 736 OF
586 681 672 736 ABP.
697 681 782 737 LEE.
819 696 875 738 nu.
902 683 1070 739 1531-1544.

175 811 362 888 Edwardus,
393 811 602 894 permissione
625 810 744 874 Divina
769 812 979 876 Eboracensis
993 811 1262 896 archiepiscopus,

109 906 237 992 Angliae
251 907 370 989 primas
393 912 429 969 et
449 907 729 989 metropolitauus,
751 908 869 971 dilecto
891 908 984 972 nobis
1004 910 1039 971 in
1054 907 1182 973 Christo
1203 909 1262 973 Ca-
1286 884 1342 991 {⁸1⁶2
1349 944 1415 990 Μ

108 1003 216 1086 pitulo
245 1003 389 1066 ecclesiae
418 1003 597 1087 collegiatae
623 1004 718 1066 Beati
743 1002 886 1067 Wilfridi
908 1006 948 1067 de
972 1004 1121 1088 Riponia,
1143 1011 1261 1068 nostrae
1286 1003 1382 1063 auga

110 1098 320 1161 Eboracensis
351 1099 509 1175 dioecesis,
543 1098 693 1178 salutem,
723 1101 875 1183 gratiam,
906 1105 941 1163 et
977 1099 1261 1164 benedictionem.¹
1287 1083 1438 1211 macto

111 1193 195 1257 (rum
221 1214 325 1276 nuper
348 1194 382 1255 in
406 1195 596 1256 visitacione
621 1195 656 1256 in
680 1195 777 1258 domo
799 1200 910 1259 nostra
932 1196 1115 1277 capitulari,
1137 1197 1263 1260 decimo
1287 1200 1404 1280 cesoma·

109 1289 165 1352 die
186 1291 307 1353 mensis
322 1290 521 1367 Decembris,
537 1291 631 1352 Anno
649 1290 782 1354 Domini
804 1291 983 1354 Millesimo
1001 1293 1264 1377 quingentesimo
1287 1259 1420 1388 {mm

110 1385 280 1470 trigesimo
308 1387 409 1448 tercio
433 1384 504 1469 jam
535 1385 653 1468 elapso,
679 1407 737 1470 per
766 1387 926 1449 dilectum
952 1387 1045 1451 nobis
1074 1389 1110 1450 in
1135 1386 1263 1452 Christo
1288 1424 1426 1484 mmm,

109 1481 304 1566 magistrum
326 1480 529 1544 Willelmum
552 1481 647 1564 clyff,
669 1483 781 1566 legum
803 1483 981 1562 doctorem,
1003 1485 1262 1547 commissarium
1289 1483 1345 1530 1)oe·
1358 1485 1393 1542 1⁰,

110 1583 259 1641 nostrum
281 1577 317 1640 in
335 1598 373 1640 ea
394 1583 488 1661 parte
506 1578 703 1641 sufficienter
725 1579 920 1661 deputatum
944 1582 1095 1657 exercita,
1118 1581 1265 1643 invenie·
1288 1543 1418 1660 llldlbyw’

110 1673 230 1737 bantur
251 1679 287 1736 et
308 1675 438 1738 detecta
452 1679 547 1736 eraut
561 1673 655 1756 plura
676 1679 712 1737 et
733 1676 879 1737 enormia
901 1677 1038 1738 crimina
1060 1681 1095 1738 et
1116 1697 1264 1739 excessus
1288 1661 1332 1765 {³1¹¹}
1342 1659 1414 1765 ἕξω

111 1790 170 1852 per
190 1771 276 1853 ipsos
299 1771 468 1833 canonicos
491 1769 638 1852 ejusdem
664 1770 807 1833 ecclesiae
831 1772 1011 1850 commissa,
1035 1778 1068 1833 et
1083 1773 1264 1854 praesertim
1289 1778 1398 1837 marey.

110 1886 169 1949 per
192 1867 353 1949 quendam
372 1863 607 1929 Christoferum
625 1866 777 1951 Dragley,
792 1867 983 1928 canonicum
997 1866 1264 1929 residenciarium
1289 1859 1389 1977 {ms

109 1967 146 2025 et
159 1961 397 2025 thesaurarium
413 1961 559 2046 ejusdem
575 1961 729 2040 ecclesiae,
747 1963 806 2024 viz.
822 1961 1068 2043 praebendarum
1078 1961 1264 2040 locationes,
1290 1978 1385 2036 against

111 2063 147 2121 et
170 2057 349 2121 officiorum
372 2063 408 2120 et
427 2058 641 2120 cantariarum
664 2059 811 2120 nondum
834 2058 1022 2119 vacaucium
1044 2058 1264 2120 concessiones
1289 2037 1440 2154 {Essessffiff’

109 2175 148 2216 ac
162 2154 241 2216 alias
256 2154 471 2217 alienaciones
486 2154 629 2230 illicitas,
644 2153 764 2234 absque
778 2158 888 2214 nostro
904 2158 939 2215 et
960 2153 1095 2234 capituli
1117 2153 1264 2236 ejusdem
1289 2154 1331 2199 ¹¹¹⁰
1341 2159 1402 2198 ‘1⁰⁸-

110 2249 254 2313 ecclesiae
275 2270 432 2312 consensu
456 2270 516 2332 per
538 2250 647 2332 ipsum
674 2248 780 2310 solum
804 2246 915 2326 factas,
937 2269 975 2310 ao
999 2248 1108 2311 cultus
1135 2249 1265 2312 divinus
1288 2211 1431 2332 ffiecylr'

111 2345 206 2427 culpa
219 2351 255 2408 et
274 2346 451 2409 insolencia
474 2346 576 2427 ipsius
590 2343 784 2407 thesaurarii
801 2345 844 2406 sit
858 2344 1033 2422 neclectus,
1048 2366 1085 2407 ac
1099 2345 1266 2409 ministros

110 2442 213 2523 ipsius
244 2442 387 2504 ecclesiae
415 2441 593 2504 insolenter
623 2446 658 2503 et
687 2439 859 2504 inhoneste
890 2441 997 2503 vivere
1028 2447 1063 2504 et
1084 2443 1267 2505 conversari

110 2538 282 2620 permissos
305 2543 341 2599 et
363 2536 541 2615 tolleratos,
565 2538 600 2598 in
615 2537 798 2598 animarum
817 2557 948 2599 suarum
963 2557 1061 2621 grave
1084 2537 1266 2619 periculum

110 2653 148 2694 ac
178 2632 365 2694 scandalum
395 2631 621 2714 plurimorum,
649 2637 719 2693 tam
756 2637 869 2693 contra
907 2652 1068 2694 sacrorum
1105 2652 1267 2695 canonum

112 2747 210 2809 quam
226 2728 361 2810 antiqua
377 2727 523 2810 ejusdem
547 2728 690 2790 ecclesias
713 2732 849 2804 statuta,
865 2728 1122 2810 disposicionem,
1138 2731 1174 2790 ct
1188 2748 1266 2791 con-

113 2823 333 2901 suetudinem,
349 2823 436 2885 unde
458 2843 516 2884 nos
539 2821 602 2885 hiis
627 2821 746 2886 morbis
769 2827 808 2884 ut
830 2823 925 2884 decet
948 2823 1083 2900 mederi,
1109 2843 1146 2884 ac
1172 2822 1266 2886 malis

112 2918 306 2999 prescriptis
329 2918 456 2980 obviare
476 2918 655 3000 cupientes,
670 2918 779 2980 omnia
801 2922 837 2979 et
859 2917 988 3001 singula
1009 2917 1215 3000 infrascripta
1230 2922 1266 2980 et

112 3011 176 3074 alia
192 3013 237 3075 sic
253 3013 405 3075 duximus
420 3014 618 3097 corrigenda.
1055 3019 1058 3023 ’
1332 3094 1335 3101 ,

178 3108 259 3172 Cum
270 3109 306 3171 in
320 3110 464 3192 antiquis
480 3111 612 3172 statutis
627 3110 728 3191 ipsius
743 3108 896 3186 ecclesiae,
911 3128 953 3170 ne
965 3108 1078 3170 delicti
1088 3109 1265 3190 impunitas
1391 3182 1397 3193 ⁸

110 3204 235 3266 tribuat
245 3205 412 3267 audaciam
424 3204 647 3288 delinquendi,
658 3209 793 3266 cautum
806 3204 850 3265 sit
858 3209 897 3265 ut
909 3202 1047 3287 singulis
1060 3203 1261 3284 septimanis,
1288 3180 1441 3287 fflssffim

110 3300 165 3363 die
187 3301 323 3362 Veneris
345 3301 397 3363 vel
418 3300 550 3379 Sabbati
572 3321 631 3384 per
652 3299 845 3383 capitulum,
866 3300 1028 3381 praesento
1049 3294 1131 3382 (θέο)
1155 3299 1264 3381 aliquo
1288 3299 1432 3368 providear

110 3397 272 3474 canonico,
288 3397 434 3459 districte
449 3397 531 3459 fiant
545 3398 768 3475 correctiones,
780 3393 1011 3457 nichilominus
1025 3415 1084 3478 per
1098 3394 1263 3477 querelam
1287 3359 1426 3476 wana

110 3491 224 3553 dilecti
242 3492 304 3553 filii
326 3493 527 3554 Marmaduci
539 3493 692 3576 Waldby,
713 3493 859 3555 canonici
879 3491 1097 3554 residenciarii
1116 3489 1263 3574 ejusdem
1287 3473 1417 3596 fflfiffl

111 3587 265 3666 ecclesiae,
291 3588 514 3651 intelleximus
536 3588 775 3652 Christoferum
801 3587 932 3672 Dragle,
962 3588 1154 3650 canonicum
1182 3587 1263 3650 resi·

110 3683 313 3746 deuciarium
343 3685 438 3746 dictae
468 3685 619 3763 ecclesiae,
650 3691 683 3747 et
709 3685 938 3767 praesidentem
967 3683 1102 3766 capituli
1128 3683 1262 3760 ibidem,

111 3781 153 3842 ad
184 3779 278 3863 cujus
310 3780 451 3842 officium
482 3802 522 3844 ex
554 3783 691 3865 antiqua
721 3782 817 3844 dictae
848 3779 990 3842 ecclesiae
1026 3780 1261 3843 consuetudine

111 3876 270 3957 spectavit
293 3877 474 3957 capitulum
489 3897 548 3958 pro
569 3876 758 3961 hujusmodi
781 3876 1033 3939 correctionibus
1055 3874 1171 3937 fiendis
1186 3895 1261 3937 con·
1286 3855 1370 3918 (⁸⁶⁰⁰)

110 3991 255 4055 gregare,
279 3972 401 4033 nedum
423 3972 643 4057 necligentem
665 3974 701 4035 in
723 3971 784 4034 hac
806 3971 918 4049 fuisse,
942 3972 998 4035 sed
1021 3976 1056 4033 et
1078 3972 1212 4033 vicarios
1227 3975 1262 4032 et

109 4067 190 4129 alios
201 4067 368 4129 ministros
392 4067 539 4150 ejusdem
555 4069 699 4131 ecclesia
721 4066 888 4130 nonnullis
910 4066 1101 4130 criminibus
1118 4067 1261 4129 irretitas

110 4167 146 4226 et
160 4168 359 4226 statutorum
373 4168 623 4248 transgressores
632 4164 810 4242 tollerasse,
825 4183 935 4246 ymmo
949 4162 1028 4224 alios
1043 4163 1212 4225 canonicos
1227 4167 1263 4225 et

121 4348 124 4353 .
168 4299 211 4367 (1)
230 4297 288 4352 The
301 4298 309 4329 ‘
316 4297 369 4351 c’s'
381 4297 435 4351 and
448 4296 512 4352 ‘t's’
525 4314 572 4352 ara
584 4297 660 4368 quita
673 4296 785 4352 distinct
796 4296 824 4350 lu
836 4296 884 4350 the
896 4295 966 4363 MS,
976 4295 1030 4350 and
1042 4295 1088 4350 tha
1096 4295 1261 4363 distinction,

111 4375 279 4526 grlglalm
300 4375 360 4449 just
382 4375 525 4448 becoming
549 4377 711 4444 marksd,is
734 4375 865 4447 carcfully
882 4374 1011 4430 followed
1029 4374 1092 4431 hare
1110 4391 1140 4430 as
1163 4373 1191 4429 in
1213 4375 1261 4431 the
