2992 5010
75 301 148 376 150
611 322 820 376 uuuosurs
844 321 889 375 os
914 321 1036 375 mrou.

74 498 220 549 emmam
250 491 335 555 alius
349 492 500 556 minister
514 490 657 555 ecclesiae
671 491 833 574 praedictae
848 488 970 553 habens
990 510 1121 553 causam
1136 488 1349 551 necessariam
1365 506 1400 549 se

74 558 208 677 musra
249 587 445 651 absentandi
467 588 509 651 ab
533 588 668 651 ecclesia
682 586 847 670 praedicta,
862 586 904 648 ab
925 587 1028 668 ipsius
1046 586 1188 648 ecclesiae
1204 588 1401 667 praecentore

74 677 209 796 {mgis
250 684 419 747 licenciam
448 689 540 767 petat
565 688 601 747 et
626 704 700 745 eam
725 683 885 765 optineat,
910 682 1055 764 alioquin
1082 683 1109 744 si
1140 701 1253 743 eorum
1282 679 1402 760 aliquis

77 794 215 902 mugitu
251 780 366 844 absens
389 779 497 843 fuerat
520 801 539 842 a
564 778 661 842 choro
684 779 838 862 praedicto
861 784 973 840 contra
996 777 1132 839 formam
1159 776 1402 839 ordinacionum

77 914 230 961 mm„
254 878 491 959 praedictarum,
521 876 626 939 solvat
655 895 713 958 pro
749 874 897 957 qualibet
925 872 1003 936 hora
1032 876 1132 936 trium
1172 871 1402 956 principalium

77 972 194 1079 ''3⁰¹³‘'ss
252 970 415 1049 horarum,
444 972 597 1035 videlicet
626 971 875 1048 matutinarum,
903 972 1087 1048 missarum,
1118 975 1153 1032 et
1183 986 1403 1050 vesperarum,

76 1045 168 1161 ,5¹3¹
194 1046 214 1079 ⁵
253 1088 359 1131 unum
372 1068 554 1145 denarium,
568 1087 667 1149 quam
682 1087 812 1149 poenam
828 1066 896 1128 sive
917 1066 1057 1128 multam
1072 1065 1177 1128 dividi
1192 1064 1343 1126 volumus
1365 1063 1402 1123 in

253 1168 321 1227 tres
345 1168 467 1246 partes,
490 1183 591 1225 uuam
622 1162 776 1225 videlicet
807 1161 1030 1245 praebendario
1060 1162 1102 1224 de
1134 1161 1335 1242 Stanwigges
1365 1158 1402 1218 in

252 1259 402 1322 absencia
415 1258 553 1321 aliorum
567 1259 806 1336 canonicorum,
820 1258 917 1320 aliam
931 1265 1056 1341 partem
1072 1257 1245 1320 camera-rio
1260 1254 1403 1317 ecclesias

253 1355 426 1438 praedicte,
438 1360 470 1417 et
487 1356 620 1417 terciam
634 1355 862 1417 communitati
876 1355 1066 1417 vicariorum
1082 1354 1226 1416 ecclesiae
1240 1351 1403 1433 praedictae

77 1462 216 1511 Troum
253 1451 490 1535 applicandam.
530 1452 618 1514 Item
635 1453 713 1535 quia
735 1451 958 1514 ordinaciones
972 1452 1165 1513 vicariorum
1181 1455 1216 1512 et
1231 1448 1402 1531 pensiones

78 1523 221 1641 fflffi„
252 1568 291 1610 ac
320 1547 486 1630 stipendia
514 1549 662 1610 omnium
692 1553 728 1611 et
757 1547 961 1631 singulorum
986 1549 1177 1610 vicariorum
1204 1552 1240 1608 et
1264 1544 1402 1606 aliorum

76 1641 198 1687 ΨΜ·
252 1643 511 1706 ministratorum
536 1645 681 1707 ecclesiae
706 1645 867 1726 praedictae
891 1664 949 1726 per
975 1644 1144 1707 dominnm
1166 1643 1401 1705 Eboracensem

76 1698 199 1806 iiiiii.
251 1736 529 1822 archiepiscopum
554 1760 611 1822 pro
634 1744 781 1823 tempore
807 1741 1003 1803 existentem
1033 1739 1175 1801 limitata
1203 1737 1338 1800 fuerunt
1368 1740 1403 1797 et

252 1840 388 1915 statuta,
410 1855 448 1898 ac
473 1834 544 1918 ejus
569 1836 693 1900 fiebant
715 1838 921 1914 auctoritate,
945 1838 1115 1919 pensiones
1141 1856 1200 1918 per
1221 1833 1402 1917 capitulum

250 1931 395 1996 ecclesiae
408 1933 571 2015 praedictae
589 1930 659 2015 jam
680 1953 787 2015 nuper
808 1934 906 1996 cartis
920 1934 1047 1995 vicariis
1070 1934 1106 1994 in
1129 1933 1243 1994 eadem
1266 1929 1402 1992 ecclesia

249 2029 429 2112 impositas,
445 2048 517 2111 quae
533 2029 658 2090 notorie
673 2029 816 2091 tendunt
837 2029 872 2090 in
888 2029 1199 2112 depauperacionem
1214 2025 1401 2109 hujusmodi

250 2124 454 2204 vicariorum,
468 2131 505 2187 et
527 2124 784 2187 diminucionem
799 2124 912 2187 Divini
934 2125 1042 2187 cultus
1064 2126 1099 2187 in
1122 2123 1219 2187 choro
1237 2123 1402 2205 praedict0,

250 2240 448 2299 revocamus,
463 2219 683 2298 annullamus,
699 2226 735 2282 et
748 2240 807 2302 pro
828 2219 958 2283 infectis
974 2227 1008 2283 et
1022 2242 1087 2283 non
1103 2221 1274 2303 assignatis
1289 2219 1402 2281 decer-

73 2325 214 2387 Thschsp
252 2318 363 2380 nimus
393 2323 428 2379 ct
453 2316 663 2392 declaramus,
694 2315 852 2392 volentes,
883 2323 919 2378 et
942 2319 1137 2379 auctoritate
1161 2316 1286 2400 praefati
1310 2335 1402 2377 reve-

74 2387 200 2491 {wh‘ss
251 2413 436 2475 rendissimi
461 2412 563 2493 patris
589 2411 785 2489 ordinantes,
811 2412 897 2492 quod
927 2413 1119 2494 praedictum
1149 2411 1330 2495 capitulum
1360 2411 1402 2473 ab

74 2504 204 2609 mgni
251 2506 439 2591 hujusmodi
462 2506 684 2589 pensionibus,
699 2507 987 2588 assignacionibus,
1009 2507 1050 2569 de
1073 2514 1190 2570 caetero
1211 2509 1343 2590 penitus
1367 2528 1401 2569 se

74 2634 148 2667 mors.
182 2576 201 2623 y
249 2603 421 2666 abstineat.
468 2602 652 2664 Statuimns
681 2602 785 2663 eciam
815 2606 851 2663 et
879 2602 1066 2663 ordinamus
1092 2604 1178 2684 quod
1203 2605 1238 2665 in
1264 2603 1402 2664 ecclesia

73 2715 133 2819 4471
145 2716 180 2773 s)
250 2696 426 2780 parochiali
449 2697 489 2758 de
506 2695 626 2773 Nidde,
649 2695 792 2759 ecclesiae
815 2697 993 2781 collegiatae
1008 2699 1170 2779 praedictae
1185 2699 1399 2781 appropriata,

73 2774 225 2879 οέξὲἱζᾞξὴ
250 2795 294 2855 sit
318 2813 404 2855 unus
428 2795 606 2875 perpetuus
627 2792 766 2854 vicarius
791 2793 877 2855 sicut
902 2794 1087 2875 antiquitus
1116 2794 1188 2855 fieri
1218 2795 1399 2869 consuevit,

73 2892 196 2938 tohsvss
249 2890 333 2951 citra
377 2886 500 2950 festum
545 2887 656 2951 Sancti
700 2886 874 2951 Michaelis
916 2910 1007 2972 prox.
1052 2889 1202 2953 futurum
1246 2890 1398 2951 canonice

73 2949 196 3055 pmcn
248 2985 425 3048 institutus
448 2990 483 3047 et
505 2984 671 3063 inductus,
687 2985 744 3067 qui
766 3005 876 3047 curam
897 2986 986 3049 illius
1009 2985 1169 3070 parochiae
1189 2985 1308 3048 habeat
1329 2987 1400 3046 ani·

73 3093 217 3152 Anyvrcsrs
248 3101 386 3144 marum.
431 3082 476 3143 Et
499 3101 541 3143 ne
556 3081 695 3144 Divinus
717 3081 825 3144 cultus
848 3081 1064 3146 imminuatur
1085 3085 1121 3146 in
1145 3083 1241 3146 choro
1256 3084 1399 3147 ecclesiae

72 3152 192 3258 22¹,ssssst
248 3179 428 3263 collegiatae
451 3179 625 3261 praedictae,
649 3178 799 3241 volumus
824 3185 861 3243 et
885 3181 1072 3245 ordinamus
1098 3183 1183 3264 quod
1209 3183 1236 3243 si
1260 3182 1400 3244 vicarius

72 3272 209 3377 memb
248 3276 366 3360 aliquis
381 3298 400 3338 a
415 3276 503 3338 dicta
517 3276 635 3338 vicaria
650 3295 708 3337 sua
727 3294 786 3357 per
799 3274 931 3360 aliquod
946 3282 1079 3361 tempus
1093 3279 1236 3342 notabile
1251 3300 1270 3340 a
1285 3280 1401 3340 minis-

158 3365 164 3378 '
247 3373 332 3434 terio
346 3372 443 3433 dictae
459 3371 600 3433 eoclesiae
623 3375 657 3432 et
678 3390 755 3432 cura
778 3391 837 3433 sua
859 3374 1037 3457 contigerit
1059 3374 1234 3454 absentari,
1249 3375 1335 3457 quod
1358 3375 1400 3436 de

249 3489 306 3530 suo
323 3468 438 3528 salario
459 3466 543 3528 alius
565 3465 749 3547 capellanus
771 3466 909 3530 idoneus
923 3470 959 3530 in
974 3471 1127 3552 praedicto
1149 3471 1245 3535 choro
1269 3478 1304 3534 et
1327 3470 1400 3554 ejus

248 3585 323 3626 cura
349 3563 497 3645 suppleat
524 3582 598 3623 suas
623 3563 720 3640 vices,
746 3564 905 3645 recipiens
928 3585 986 3647 pro
1008 3567 1115 3630 labore
1139 3590 1197 3631 suo
1220 3570 1398 3631 secundum

248 3659 419 3721 arbitrium
442 3662 478 3718 et
501 3656 732 3718 discrecionem
753 3658 888 3739 capituli
904 3659 956 3721 vel
977 3664 1111 3725 rectoris
1125 3662 1214 3726 chori
1229 3664 1399 3727 memorati

73 3770 210 3815 (tametion
249 3776 306 3836 pro
321 3761 468 3835 tempore
484 3753 666 3814 existentis.
710 3753 755 3814 Et
770 3755 883 3834 quavis
903 3759 1060 3820 correccio
1082 3765 1117 3821 et
1138 3763 1270 3842 punicio
1285 3762 1400 3823 vicari-

73 3831 202 3934 fflfflh
249 3871 341 3912 orum
357 3856 393 3911 et
407 3849 545 3910 aliorum
565 3848 789 3911 ministrorum
811 3851 954 3915 ecclesiae
976 3855 1156 3940 collegiatae
1178 3859 1349 3940 praedictae,
1363 3862 1398 3920 et

249 3985 389 4040 sacrificial
402 3992 493 4050 terms,
505 4001 531 4054 p.
545 3983 593 4049 213
611 3982 659 4035 the
676 4000 740 4053 year
757 3983 810 4037 and
829 3984 941 4059 Sunday
957 3988 1061 4057 letters,
1080 3998 1143 4058 etc,
1160 4010 1205 4064 pp.
1225 3993 1330 4059 21-24;
1349 3993 1397 4045 the

250 4067 328 4117 lunar
340 4065 424 4133 cpcle,
437 4081 479 4134 pp.
493 4063 538 4130 24,
549 4062 598 4123 25;
617 4063 776 4134 concurring
787 4063 864 4135 days,
871 4065 1024 4135 indictions,
1031 4069 1112 4124 secata
1122 4072 1296 4136 andseasons
1311 4072 1397 4126 aruis

250 4144 292 4198 sor
305 4144 409 4212 finding
418 4143 537 4207 ,advent
546 4159 590 4212 pp.
603 4143 701 4196 25-28.
728 4142 795 4197 This
807 4161 842 4198 no
854 4146 940 4200 doubt
951 4147 1031 4219 fairly
1043 4157 1191 4222 represents
1204 4151 1251 4204 the
1260 4152 1398 4206 character

251 4224 282 4278 ol
296 4223 343 4276 the
361 4221 501 4275 mediaeval
526 4219 678 4274 ordination
696 4222 900 4278 examinatione
936 4226 1023 4281 There
1042 4245 1087 4283 are
1111 4247 1183 4283 soma
1207 4248 1271 4301 very
1289 4230 1397 4284 curicus

251 4308 353 4374 reporta
369 4300 400 4353 of
415 4298 611 4352 examinations
628 4299 660 4352 of
673 4300 800 4355 illiterata
811 4303 951 4375 cbaplsins
963 4304 993 4357 in
1006 4305 1140 4361 Msshell's
1152 4310 1269 4361 Amicnt
1280 4309 1397 4379 Litanoy

252 4381 360 4449 (1846),
372 4396 416 4450 pp.
426 4379 513 4431 181—ss
524 4377 580 4445 (ad.
591 4378 632 4431 ed.
642 4396 668 4448 p.
676 4379 754 4448 253),
764 4379 832 4434 from
845 4381 892 4435 the
904 4384 1056 4452 Repsttmm
1065 4387 1091 4438 S.
1103 4387 1303 4451 Occurritur).
1316 4387 1395 4441 1222.

251 4459 306 4514 For
318 4474 416 4512 canons
427 4455 543 4527 relating
554 4464 583 4510 to
594 4456 777 4512 examination
790 4458 822 4512 οἰ
830 4459 975 4515 ordinanda
986 4480 1029 4516 see
1042 4463 1144 4531 Labbe,
1157 4464 1284 4534 Wilhins,
1295 4470 1346 4519 etc.
