2992 5010
195 353 370 405 mnaseas
396 352 494 406 00010
520 353 617 405 roan
643 353 853 417 ascranae&
881 353 1118 404 susurriano.
1360 329 1410 400 59

154 517 318 582 Vicitacio
333 517 483 604 capituli
498 517 626 604 Ripon.
1260 555 1287 613 (0
1299 552 1334 614 o.)

148 649 283 730 (Notice
316 651 355 741 'in
387 647 445 711 the
484 649 577 711 usual
607 647 701 713 form.
762 650 1000 733 Bridelington.
1061 651 1148 713 June
1180 650 1233 727 29,

84 746 200 822 laos.)

148 899 347 980 willelmus,
358 907 420 964 etc.
436 899 565 963 dilectis
577 901 653 963 filiis
669 901 812 984 capitulo
827 908 937 964 nostro
948 903 1075 985 Rypon,
1085 901 1234 979 salutern,
1260 910 1349 970 (1012.)

82 996 237 1079 graciam,
260 1004 294 1058 et
316 998 592 1060 benediccionem.
639 998 743 1072 Quam
764 1000 808 1060 sit.
828 999 980 1060 indecens
1004 1004 1038 1060 et
1061 999 1235 1060 absurdum
1260 971 1388 1089 iffgligf*

83 1093 118 1153 in
149 1092 248 1153 domo
271 1092 405 1154 Domini
427 1094 671 1176 negociaciones
702 1100 737 1156 et
767 1096 978 1156 mercimonia
1000 1115 1108 1155 rerum
1140 1115 1236 1156 vena·
1260 1113 1345 1183 Luem

83 1188 167 1249 lium
189 1208 368 1265 excercere,
383 1190 579 1273 Evangelica
601 1195 742 1252 testatur
765 1192 895 1270 veritas,
920 1191 1104 1273 exemplum
1128 1191 1231 1252 nostri
1260 1175 1360 1291 mi,

82 1283 198 1346 edocet
236 1283 422 1364 Salvatoris,
452 1294 487 1346 01
517 1287 669 1348 canonica
699 1285 874 1368 probibent
905 1288 1068 1348 instituta.
1123 1287 1235 1368 Nuper
1261 1289 1392 1350 1100οΜ

82 1379 246 1460 siquidem
271 1387 414 1442 nostram
444 1382 569 1464 Rypon'
599 1382 766 1444 ecclesiam
799 1383 981 1460 visitantes,
1005 1384 1091 1445 inter
1121 1390 1236 1444 caetera
1259 1355 1396 1454 miii„

82 1475 302 1555 comperimus
333 1477 419 1558 quod
449 1477 484 1538 in
508 1479 578 1559 ipsa
603 1477 739 1539 ecclesia
761 1478 912 1540 nonnulli
936 1499 1001 1540 suae
1032 1478 1146 1540 salutis
1174 1479 1236 1538 im·
1260 1471 1358 1574 2³5ss,oe

81 1590 255 1648 memores,
270 1578 384 1634 contra
398 1579 520 1635 vestras
536 1579 571 1635 et
586 1573 810 1635 ministrorum
828 1583 1005 1636 vestrorum
1022 1573 1236 1636 inbibiciones

83 1687 261 1748 expressas,
277 1671 398 1751 passim
422 1675 455 1731 et
477 1669 629 1751 pupplice
649 1671 684 1731 iu
708 1669 859 1730 Divinam
875 1669 1028 1732 offensam
1047 1680 1080 1732 01
1095 1670 1236 1732 ecclesiae

83 1761 339 1843 inhonestatem,
355 1771 389 1826 et
411 1767 593 1827 animarum
618 1786 749 1827 suarum
773 1766 991 1847 dispendium,
1008 1787 1116 1828 rerum
1140 1787 1236 1826 vena-

83 1857 165 1921 lium
182 1880 349 1922 excercere
364 1862 555 1923 commereia
570 1883 635 1923 non
654 1868 818 1924 verentur.
864 1863 1017 1924 Volentes
1034 1863 1135 1945 igitur
1150 1861 1235 1943 quod

84 1955 221 2017 ecclesia
246 1967 358 2019 nostra
379 1958 533 2040 praedicta
556 1979 620 2019 non
646 1958 800 2039 spelunca
823 1959 997 2034 latronum,
1013 1979 1077 2019 uon
1102 1956 1237 2039 pergula
1262 1973 1368 2019 u'ewiu

84 2053 152 2114 sive
180 2055 281 2115 stacio
305 2060 532 2134 mercatorum,
547 2055 604 2116 ubi
628 2055 745 2135 saepius
771 2054 991 2136 decepeiones,
1008 2055 1185 2128 mendacia,
1202 2057 1237 2112 et
1261 2035 1397 2139 gffir‘gfl'b,

84 2148 230 2231 perjuria
259 2151 521 2227 committuntur,
545 2157 595 2213 set
621 2151 735 2212 domus
767 2151 910 2227 Domini,
935 2171 1032 2234 quam
1056 2150 1151 2211 decet
1180 2169 1237 2231 per
1262 2153 1384 2257 ”iti-‘³²¹¹

84 2246 194 2307 omnia
210 2247 394 2308 sanctitudo
409 2267 446 2308 ac
469 2248 558 2309 locus
581 2246 744 2308 sacrificiis
766 2247 952 2309 coelestibus
979 2254 1012 2307 et
1035 2245 1236 2309 oracionibus
1262 2226 1276 2256 ⁰
1297 2217 1307 2260 t
1325 2225 1396 2259 m

84 2340 232 2403 fidelium
256 2343 442 2425 deputatus,
465 2344 505 2405 ab
528 2336 735 2405 inhonestate
762 2345 916 2425 praedicta
940 2364 1052 2426 expers
1080 2339 1237 2403 habeatur

84 2437 254 2514 decaetero,
270 2445 305 2500 et
324 2438 420 2522 juxta
443 2441 493 2501 sui
516 2440 631 2522 capitis
652 2440 896 2501 institucionem
915 2440 1098 2521 primariam
1119 2438 1237 2499 Divino

84 2534 190 2595 cultui
216 2536 430 2618 mancipetur,
446 2535 535 2598 vobis
563 2536 755 2597 mandamus
778 2537 814 2596 in
837 2537 958 2598 virtute
982 2536 1178 2597 obedienciae
1202 2540 1235 2597 et

84 2630 145 2692 sub
162 2651 258 2713 poena
272 2632 485 2694 districcionis
509 2633 668 2694 canonicae
691 2632 828 2693 firmiter
850 2631 1059 2716 injungentes
1082 2633 1235 2713 quatinus

84 2727 223 2810 singulis
239 2727 354 2790 diebus
370 2728 546 2790 Dominicis
563 2732 597 2789 et
608 2727 734 2789 festivis
749 2730 943 2790 auctoritate
958 2733 1068 2789 nostra
1083 2727 1190 2809 palam
1201 2732 1235 2788 et
1261 2768 1312 2815 our
1322 2769 1392 2815 order

82 2822 237 2904 pupplice
261 2821 407 2887 inhibere
431 2825 562 2901 curetis,
584 2845 626 2885 ne
651 2826 724 2906 quis
749 2825 785 2886 in
811 2825 899 2886 dicta
922 2825 1057 2886 ecclesia
1084 2824 1234 2908 negocia·
1260 2829 1392 2875 soterem

82 2920 193 2981 cioues
208 2924 267 2981 aut
282 2922 474 2983 commercia
488 2942 598 2984 rerum
614 2922 778 2982 venalium
795 2942 1061 3004 quarumcunque
1078 2921 1235 2982 decaetero
1259 2891 1414 3007 mida„

82 3037 249 3079 excercere
279 3024 464 3099 praesumat,
494 3018 554 3080 sub
591 3038 686 3100 poena
723 3019 1064 3080 excommunicacionis
1093 3017 1234 3097 majoris,
1260 3006 1397 3057 ”dim

83 3132 183 3193 quam
214 3113 249 3174 in
279 3133 391 3175 omnes
422 3121 457 3175 et
487 3114 631 3196 singulos
661 3116 859 3176 contrarium
889 3115 1057 3189 iacientes,
1087 3112 1236 3194 legitima

83 3210 267 3271 monicione
294 3211 468 3291 praemissa,
491 3231 548 3292 per
574 3231 629 3272 vos
656 3210 708 3276 vel
730 3211 871 3293 aliquem
894 3232 912 3272 a
937 3211 1027 3272 vobis
1052 3208 1236 3289 specialiter

82 3305 319 3386 deputandum,
334 3307 404 3369 vice
430 3312 539 3368 nostra
562 3308 712 3389 pupplice
737 3315 771 3369 et
798 3306 1005 3389 solempniter
1028 3304 1177 3365 volumus
1201 3308 1236 3364 et

83 3403 288 3483 praecipimus
325 3402 534 3486 promulgari.
594 3404 643 3464 Ad
673 3401 771 3485 hujus
808 3409 919 3465 autem
948 3402 995 3463 rei
1034 3399 1235 3462 evidenciam
1260 3416 1375 3488 Tuscan-

82 3497 260 3578 pleniorem
278 3498 556 3562 Constitucionem
571 3499 733 3561 salubrem
748 3499 852 3561 felicis
866 3497 1096 3561 recordacionis
1111 3497 1233 3558 domini
1259 3477 1418 3583 gifflffissussf

83 3592 252 3671 Ottoboni,
283 3594 447 3676 quondam
472 3596 507 3656 in
535 3600 646 3657 sancta
669 3596 815 3657 Romana
841 3596 975 3659 ecclesia
999 3593 1090 3656 tituli
1123 3593 1234 3656 Sancti
1260 3598 1356 3701 0001001
1380 3656 1386 3667 ,

83 3689 219 3751 Adriani
235 3691 361 3752 diaconi
377 3690 567 3768 Cardinalis,
583 3693 820 3775 01Αο001011000
837 3692 921 3754 sedis
937 3693 972 3753 in
988 3690 1107 3774 Anglia
1122 3690 1233 3774 legati,
1260 3669 1407 3761 cffissfn

82 3786 123 3847 ad
154 3793 345 3868 perpetuam
384 3789 429 3849 rei
467 3790 655 3851 memoriam
694 3789 827 3867 editam,
857 3788 947 3850 vobis
977 3788 1232 3849 transmittimus

81 3883 297 3964 praesentibus
313 3884 533 3961 interclusam,
548 3891 587 3946 ut
601 3906 640 3947 ex
664 3885 741 3947 inde
757 3885 884 3946 cunctis
907 3884 1031 3966 liqueat
1053 3885 1232 3961 evidenter,

81 3979 169 4059 quod
192 3982 310 4042 nostris
334 3986 367 4042 et
389 3981 525 4043 aliorum
550 3982 756 4063 praelatorum
778 3980 938 4043 incumbit
962 3979 1106 4041 humeris
1129 3981 1232 4062 ipsam

82 4074 361 4138 Constitucionem
371 4076 476 4140 facere
490 4098 548 4160 per
558 4098 727 4140 censuram
739 4078 989 4141 ecclesiasticam
1001 4076 1232 4138 inviolabiliter

80 4173 264 4235 observari.¹
309 4173 434 4236 Valete.
491 4174 566 4236 Dat.
593 4174 678 4256 apud
704 4173 866 4256 Otteleye.
896 4172 974 4255 xxiij
1003 4174 1056 4235 die
1081 4173 1234 4257 Augusti,

80 4270 176 4332 Anno
191 4269 307 4352 graciae
322 4270 462 4332 Μ”0001110
476 4275 598 4348 octavo,
615 4277 649 4333 et
663 4275 754 4353 pont.
770 4272 873 4332 nostri
888 4271 999 4333 tercio.

136 4403 181 4471 (1)
202 4401 253 4455 See
267 4403 467 4458 (milatium
482 4404 623 4458 otthoboni
633 4405 747 4473 (Ooncil.
757 4405 842 4458 Lond.
853 4420 907 4460 aa.
917 4407 1010 4474 1268),
1018 4404 1071 4457 Tit.
1080 4405 1124 4469 34,
1133 4409 1141 4434 ‘
1151 4402 1232 4466 Quod

81 4482 278 4554 negotiationes
301 4501 354 4537 non
378 4483 444 4540 fiant
469 4482 498 4539 in
522 4484 661 4540 Ecclesia!
699 4483 814 4555 (Labbe,
827 4483 882 4539 xiv.
907 4485 977 4553 433,
996 4482 1167 4551 warranti.
1190 4482 1232 4535 14.
