2992 5010
8 1413 9 1418 ,
108 1359 195 1408 dobes.

113 328 161 401 46
223 394 226 399 .
650 349 858 403 sinuosius
883 351 928 403 os
953 352 1073 407 arros.

287 510 433 602 (trinai)
458 518 713 580 denunciacione
738 519 888 602 legitima
917 520 951 582 in
982 520 1116 583 ecelesia
1145 519 1270 601 Rypon’
1296 526 1437 588 vocatus.

110 624 234 696 Dsseom·
287 611 447 674 Volumus
471 615 573 676 eciam
596 620 630 677 et
653 615 826 676 statuimus
848 617 934 696 quod
961 617 1098 694 diaconi,
1114 616 1312 694 subdiaconi,
1327 625 1363 680 et
1387 620 1439 682 in·

110 685 262 792 fflfflm
286 706 420 771 seriores
444 711 586 773 ecclesiae
616 710 760 772 ministri
783 713 970 794 quicunque
1000 713 1179 795 puniantur
1202 732 1293 793 per.
1318 758 1327 775 .
1350 717 1438 797 capi-

110 803 230 910 wbqhed
287 804 396 866 tulum
412 806 462 867 vel
477 811 635 868 rectorem
651 806 842 888 praedictum
858 807 955 888 juxta
969 807 1162 889 qualitatem
1177 807 1302 888 delicti,
1317 829 1384 871 non
1399 811 1436 873 in

108 875 197 980 pqntrm
286 905 380 963 tanta
395 904 579 984 quantitate
595 903 773 985 peccanciae
785 910 837 965 set
848 905 1027 966 secundum
1036 905 1207 966 arbitrium
1219 907 1435 987 praesidentis.

109 980 248 1087 grh'ffirof
287 996 373 1058 Item
390 999 564 1060 statuimus
579 1000 664 1081 quod
680 997 867 1080 hujusmodi
890 1000 999 1061 vicarii
1014 1020 1079 1061 non
1094 1000 1295 1081 deputentur
1315 1003 1357 1064 ad
1372 1003 1436 1065 alia

109 1097 152 1145 tho
162 1099 235 1144 choir·
285 1093 389 1155 officia
403 1094 454 1156 vel
469 1103 667 1177 occupentur
682 1095 717 1156 in
732 1094 805 1155 aliis
820 1094 930 1156 officiis
941 1116 998 1177 per
1006 1096 1152 1158 dominos
1165 1116 1238 1157 suos
1253 1097 1303 1158 vel
1320 1119 1434 1160 eorum

108 1183 247 1291 {mm
286 1196 515 1272 procuratores,
531 1211 588 1271 per
603 1211 675 1272 quae
691 1191 862 1251 servicium
874 1211 986 1252 eorum
1001 1193 1036 1252 in
1048 1191 1182 1254 ecclesia
1191 1192 1242 1254 vel
1250 1194 1432 1256 animarum

109 1303 179 1348 other
285 1307 362 1348 cura
398 1285 584 1368 aliqualiter
622 1286 838 1370 necgligatur.
897 1288 985 1348 Item
1024 1288 1199 1350 statuimus
1229 1290 1316 1370 quod
1353 1290 1434 1352 dicti

285 1383 407 1462 vicarii,
423 1403 521 1464 quam
536 1383 601 1444 cito
615 1383 782 1444 commode
797 1384 976 1464 potuerint,
993 1384 1183 1463 provideant
1205 1384 1266 1446 sibi
1281 1385 1323 1447 de
1338 1386 1434 1447 domo

108 1443 250 1550 {sulm
285 1483 445 1561 quantum
474 1498 573 1560 prope
598 1478 765 1540 ecclesiam
789 1477 861 1539 fieri
887 1484 1005 1560 potest,
1033 1479 1067 1539 in
1097 1500 1162 1560 qua
1191 1499 1303 1541 omnes
1335 1480 1432 1543 simul

108 1561 257 1668 fflffi‘b
285 1579 450 1651 maneant,
474 1573 657 1649 comedant,
673 1579 708 1635 et
732 1579 935 1654 pernoctent,
958 1574 1113 1636 decenter
1137 1574 1255 1652 clausa,
1270 1576 1305 1637 in
1333 1597 1431 1658 quam

107 1680 217 1738 agema
284 1688 349 1731 non
364 1672 475 1751 pateat
489 1669 619 1730 mulieri
645 1688 802 1745 accessus,
817 1669 881 1730 nisi
904 1670 1078 1731 necessitas
1100 1670 1272 1732 immineat
1293 1670 1431 1754 alicujus

105 1736 230 1844 fflffim
283 1767 389 1848 operis
408 1765 493 1848 quod
510 1785 569 1847 per
583 1782 687 1826 mares
702 1769 925 1845 competenter
940 1784 1005 1827 non
1028 1771 1136 1846 posset
1151 1765 1284 1847 expleri.
1330 1767 1374 1830 Et
1395 1770 1430 1831 in

282 1861 342 1923 tali
360 1881 447 1971 casu,
466 1861 602 1970 negocio
623 1863 762 1968 peracto,
779 1860 893 1920 statim
916 1860 1068 1922 salarium
1090 1861 1225 1942 recipiat
1240 1867 1274 1923 et
1289 1864 1428 1972 recedat,

104 1964 249 2015 tuscanos
282 1978 343 2021 nee
364 1958 412 2019 1b1
426 1962 571 2020 moretur
593 1977 628 2018 rn
650 1956 795 2038 prandio,
811 1975 871 2017 nec
894 1961 1071 2036 pemocteb
1116 1956 1166 2018 De
1187 1976 1341 2021 canonico
1356 1980 1430 2022 vero

104 2024 257 2146 ffffiing
281 2055 323 2119 de
334 2053 636 2138 Staynwegges,qui
648 2057 753 2114 rector
764 2056 815 2114 est
825 2049 914 2113 chori
926 2051 961 2112 in
973 2052 1106 2114 ecclesia
1115 2052 1240 2134 Rypon'
1251 2056 1428 2117 seeundum

104 2143 169 2245 23¹⁰?
178 2144 205 2247 qr
216 2145 257 2192 ‘¹¹⁰
280 2151 366 2234 quod
378 2150 454 2232 jura
468 2149 593 2227 volunt,
608 2148 811 2210 decernimus
823 2151 862 2209 ut
876 2153 1052 2229 presentet
1063 2149 1219 2210 vicarium
1233 2155 1428 2232 perpetuum

106 2214 223 2362 aiffals
282 2290 291 2308 .
316 2290 324 2308 .
347 2246 490 2327 capitulo
504 2244 555 2306 vel
570 2245 605 2305 in
628 2243 699 2326 ejus
713 2242 877 2305 defectum
891 2242 1033 2325 praelato,
1050 2243 1107 2324 qui
1120 2264 1232 2306 curam
1246 2246 1427 2308 animarum

101 2321 226 2436 ffissfi
280 2339 398 2403 habeat
412 2342 448 2402 in
472 2338 622 2422 parochia
643 2340 683 2402 de
707 2338 938 2422 Staynwegges
963 2340 1113 2421 porcione
1136 2359 1279 2424 congrua
1302 2341 1364 2404 sibi
1386 2344 1425 2405 de

101 2434 177 2484 vrosr.
279 2435 370 2498 bonis
386 2436 526 2497 ecclesia
540 2435 713 2517 assignata.
752 2434 815 2496 Per
830 2436 1045 2515 suprascripta
1060 2437 1215 2496 vero'non
1223 2436 1425 2499 intendimus

272 2529 537 2615 jurisdiceionem
552 2535 695 2591 nostram
706 2529 757 2591 vel
768 2550 984 2592 successorum
997 2537 1179 2592 nostrorum
1187 2529 1425 2595 ante-habitam

276 2628 469 2704 diminuere,
485 2625 536 2686 vel
551 2626 758 2707 restringere,
775 2631 825 2687 set
847 2627 880 2686 in
898 2626 1050 2687 omnibus
1074 2630 1108 2687 et
1130 2646 1188 2707 per
1214 2628 1325 2688 omnia
1340 2629 1425 2690 inte-

275 2730 368 2806 gram
394 2727 429 2784 et
452 2721 613 2783 illibatam
637 2740 779 2796 manere,
809 2727 971 2802 potestate
996 2721 1151 2798 addendi,
1174 2724 1337 2801 mutandi,
1367 2724 1424 2786 de·

275 2817 429 2892 clarandi,
455 2822 489 2878 et
515 2816 751 2897 interpretandi
784 2817 819 2877 in
849 2817 1023 2899 praemissis
1054 2821 1088 2878 et
1118 2816 1255 2899 singulis
1281 2819 1425 2899 praemis·

275 2934 383 2975 sorum
405 2913 497 2974 nobis
513 2919 547 2974 et
570 2911 803 2974 successoribus
818 2913 936 2973 nostris
960 2929 974 2973 s
1016 2912 1144 2974 cialiter
1165 2932 1200 2973 re

274 3009 368 3091 cujus
391 3009 438 3070 rei
461 3009 687 3070 testimonium
710 3007 856 3090 sigillum
878 2932 1026 3069 nostrrldr
1057 3027 1123 3069 una
1151 2919 1357 3092 011ιὶθῖἰὲῒίἨο
1379 2915 1422 3072 dn

274 3104 411 3186 capituli
425 3104 595 3166 memorati
610 3103 822 3186 praesentibus
838 3107 889 3164 est
902 3122 1092 3185 appensum.
1130 3101 1204 3164 Dat.
1214 3102 1351 3185 Rypon’,
1366 3109 1422 3166 1¹³⁰

274 3201 379 3264 Kal’n.
403 3200 575 3263 Novembr.
598 3202 692 3261 Anno
717 3200 834 3283 graciae
856 3198 1032 3260 Millesimo
1062 3205 1129 3260 οοοο
1150 3199 1262 3276 tercio,
1285 3205 1320 3262 et
1341 3221 1421 3282 pon-

272 3298 413 3360 tificatus
428 3297 529 3358 nostri
544 3302 669 3378 quarto.

338 3487 487 3565 Thomas,
503 3488 564 3549 Dei
591 3488 706 3571 gracia,
729 3491 792 3548 etc.
815 3486 942 3548 dilectis
968 3486 1002 3547 in
1019 3483 1147 3549 Christo
1168 3484 1245 3547 filiis
1268 3530 1276 3548 .
1301 3530 1310 3549 .
1333 3489 1420 3571 capi·

272 3584 342 3645 tulo
357 3589 466 3644 nostro
488 3583 614 3664 Ripon',
630 3583 780 3657 salutem,
796 3583 949 3663 graciam,
965 3587 1000 3643 et
1022 3581 1296 3643 benediccionem.
1341 3580 1420 3643 Pro-

120 3719 131 3746 ρ
146 3719 184 3748 m
196 3720 247 3748 rm„
271 3686 416 3741 curatore
432 3680 554 3740 domini
571 3680 592 3741 J
593 3677 730 3739 ohannis
740 3677 780 3738 de
791 3675 872 3762 (sic)
885 3677 1050 3740 Saracenis
1060 3677 1101 3738 de
1113 3677 1202 3739 Urbe
1211 3678 1418 3739 concanonici

96 3762 176 3864 ‘'”mm
186 3764 247 3866 ’ζὴ
272 3776 382 3851 vestri,
398 3782 431 3836 et
446 3774 658 3855 praebendarii
674 3773 853 3855 praebendae
865 3793 936 3855 quae
946 3772 1011 3834 fuit
1026 3773 1104 3833 olim
1119 3772 1242 3834 domini
1257 3771 1279 3833 J
1280 3769 1417 3834 ohannis

125 3879 180 3921 mini
195 3938 200 3948 ¹
271 3871 310 3931 de
321 3871 533 3952 Beningword
543 3871 577 3931 in
590 3870 722 3931 ecelesia
734 3867 858 3950 Rypon’
870 3865 942 3952 (at)
958 3869 1152 3950 accepimus,
1163 3872 1416 3948 conquerentem

114 3951 127 3978 ⁰
156 3953 231 4040 «Ἠ.
271 3966 356 4046 quod
381 3966 530 4027 nonnulli
546 3972 623 4027 sunt
644 3964 790 4027 defectus
813 3964 980 4027 domorum
996 3965 1037 4027 ad
1062 3964 1184 4026 dictam
1210 3961 1416 4045 praebendam

128 4069 141 4096 f
227 4079 236 4088 ·
271 4063 490 4142 spectaneium
520 4062 577 4143 qui
607 4061 648 4123 de
677 4061 770 4123 bonis
799 4060 881 4121 dicti
910 4059 1151 4142 predecessoris
1187 4058 1237 4120 sui
1266 4059 1307 4120 de
1341 4056 1415 4140 jure

94 4185 106 4214 c
123 4128 180 4250 ’'aa''
193 4173 199 4182 ·
269 4158 426 4219 deberent
440 4158 527 4219 refici
543 4165 576 4220 et
592 4158 746 4240 suppleri,
762 4162 893 4238 propter
908 4155 993 4237 quod
1009 4155 1099 4217 vobis
1122 4153 1314 4216 mandamus
1328 4154 1416 4237 quod

156 4246 188 4274 ’¹'
268 4255 377 4314 omnia
406 4254 489 4315 bona
514 4255 593 4315 dieti
618 4254 741 4315 domini
768 4251 927 4315 Johannis
958 4252 999 4314 de
1030 4249 1255 4332 Beningword,
1280 4253 1349 4311 tam
1379 4250 1414 4311 in

267 4351 405 4430 pecunia
434 4370 532 4431 quam
561 4350 656 4411 rebus
686 4348 770 4425 aliis,
801 4348 987 4430 ubicunque
1015 4350 1049 4408 et
1079 4364 1180 4427 penes
1206 4364 1413 4425 quoscunque

265 4446 450 4523 existencia,
475 4446 684 4528 sequestretis
709 4450 743 4507 et
768 4443 828 4506 sub
851 4450 922 4506 arto
945 4441 1085 4506 teneatis
1109 4444 1286 4523 sequestro,
1310 4440 1412 4503 donec
