<?xml version="1.0" encoding="UTF-8"?>
<!DOCTYPE html PUBLIC "-//W3C//DTD XHTML 1.0 Transitional//EN"
    "http://www.w3.org/TR/xhtml1/DTD/xhtml1-transitional.dtd">
<html xmlns="http://www.w3.org/1999/xhtml" xml:lang="en" lang="en">
 <head>
  <title>
</title>
<meta http-equiv="Content-Type" content="text/html;charset=utf-8" />
  <meta name='ocr-system' content='tesseract 3.04.00' />
  <meta name='ocr-capabilities' content='ocr_page ocr_carea ocr_par ocr_line ocrx_word'/>
</head>
<body>
  <div class='ocr_page' id='page_1' title='image "./memorialschurch04fowlgoog_0188.png"; bbox 0 0 2992 5010; ppageno 0'>
   <div class='ocr_carea' id='block_1_1' title="bbox 311 285 1071 360">
    <p class='ocr_par' dir='ltr' id='par_1_1' title="bbox 311 285 1071 360">
     <span class='ocr_line' id='line_1_1' title="bbox 311 285 1071 360; baseline 0.003 -22"><span class='ocrx_word' id='word_1_1' title='bbox 311 286 484 340; x_wconf 77' lang='lat' dir='ltr'><strong>nxrascrs</strong></span> <span class='ocrx_word' id='word_1_2' title='bbox 507 285 606 339; x_wconf 81' lang='lat' dir='ltr'><strong>raon</strong></span> <span class='ocrx_word' id='word_1_3' title='bbox 631 286 727 340; x_wconf 85' lang='lat' dir='ltr'><strong>roan</strong></span> <span class='ocrx_word' id='word_1_4' title='bbox 753 286 967 360; x_wconf 78' lang='lat' dir='ltr'><strong>menrnas3</strong></span> <span class='ocrx_word' id='word_1_5' title='bbox 994 289 1071 340; x_wconf 84' lang='lat' dir='ltr'><strong>nnn.</strong></span> 
     </span>
    </p>
   </div>
   <div class='ocr_carea' id='block_1_2' title="bbox 29 450 1439 4372">
    <p class='ocr_par' dir='ltr' id='par_1_2' title="bbox 109 450 1430 2071">
     <span class='ocr_line' id='line_1_2' title="bbox 111 450 1265 541; baseline 0.004 -27"><span class='ocrx_word' id='word_1_6' title='bbox 111 450 333 535; x_wconf 87' lang='lat' dir='ltr'><strong>omnibusque</strong></span> <span class='ocrx_word' id='word_1_7' title='bbox 354 459 389 517; x_wconf 91' lang='lat' dir='ltr'><strong>et</strong></span> <span class='ocrx_word' id='word_1_8' title='bbox 415 453 553 538; x_wconf 92' lang='lat' dir='ltr'><strong>singulis</strong></span> <span class='ocrx_word' id='word_1_9' title='bbox 576 455 672 518; x_wconf 82' lang='lat' dir='ltr'><strong>dictae</strong></span> <span class='ocrx_word' id='word_1_10' title='bbox 698 456 839 519; x_wconf 75' lang='lat' dir='ltr'><strong>ecclesia</strong></span> <span class='ocrx_word' id='word_1_11' title='bbox 865 457 1028 519; x_wconf 87' lang='lat' dir='ltr'><strong>canonicis</strong></span> <span class='ocrx_word' id='word_1_12' title='bbox 1051 452 1265 541; x_wconf 85' lang='lat' dir='ltr'><strong>injungimus,</strong></span> 
     </span>
     <span class='ocr_line' id='line_1_3' title="bbox 110 549 1264 636; baseline 0.004 -26"><span class='ocrx_word' id='word_1_13' title='bbox 110 549 333 630; x_wconf 85' lang='lat' dir='ltr'><strong>-praecipimus,</strong></span> <span class='ocrx_word' id='word_1_14' title='bbox 362 556 398 613; x_wconf 91' lang='lat' dir='ltr'><strong>et</strong></span> <span class='ocrx_word' id='word_1_15' title='bbox 427 552 630 627; x_wconf 82' lang='lat' dir='ltr'><strong>mandamus,</strong></span> <span class='ocrx_word' id='word_1_16' title='bbox 654 553 809 636; x_wconf 88' lang='lat' dir='ltr'><strong>quatinus</strong></span> <span class='ocrx_word' id='word_1_17' title='bbox 840 573 915 614; x_wconf 86' lang='lat' dir='ltr'><strong>curn</strong></span> <span class='ocrx_word' id='word_1_18' title='bbox 939 559 979 614; x_wconf 92' lang='lat' dir='ltr'><strong>tu</strong></span> <span class='ocrx_word' id='word_1_19' title='bbox 1005 553 1103 631; x_wconf 88' lang='lat' dir='ltr'><strong>adsis,</strong></span> <span class='ocrx_word' id='word_1_20' title='bbox 1134 573 1203 631; x_wconf 91' lang='lat' dir='ltr'><strong>seu,</strong></span> <span class='ocrx_word' id='word_1_21' title='bbox 1229 559 1264 615; x_wconf 86' lang='lat' dir='ltr'><strong>te</strong></span> 
     </span>
     <span class='ocr_line' id='line_1_4' title="bbox 114 645 1430 733; baseline 0.005 -28"><span class='ocrx_word' id='word_1_22' title='bbox 114 645 261 722; x_wconf 81' lang='lat' dir='ltr'>absente,</span> <span class='ocrx_word' id='word_1_23' title='bbox 277 646 385 708; x_wconf 92' lang='lat' dir='ltr'><strong>senior</strong></span> <span class='ocrx_word' id='word_1_24' title='bbox 407 649 579 710; x_wconf 88' lang='lat' dir='ltr'><strong>canonicus</strong></span> <span class='ocrx_word' id='word_1_25' title='bbox 603 668 701 731; x_wconf 91' lang='lat' dir='ltr'><strong>quem</strong></span> <span class='ocrx_word' id='word_1_26' title='bbox 722 654 801 711; x_wconf 89' lang='lat' dir='ltr'><strong>tunc</strong></span> <span class='ocrx_word' id='word_1_27' title='bbox 819 648 932 711; x_wconf 88' lang='lat' dir='ltr'><strong>adesse</strong></span> <span class='ocrx_word' id='word_1_28' title='bbox 950 650 1137 733; x_wconf 87' lang='lat' dir='ltr'><strong>contigerit,</strong></span> <span class='ocrx_word' id='word_1_29' title='bbox 1152 667 1265 711; x_wconf 84' lang='lat' dir='ltr'><strong>omues</strong></span> <span class='ocrx_word' id='word_1_30' title='bbox 1289 653 1430 700; x_wconf 71' lang='lat' dir='ltr'><strong>Allfellov·</strong></span> 
     </span>
     <span class='ocr_line' id='line_1_5' title="bbox 109 725 1426 826; baseline 0.003 -24"><span class='ocrx_word' id='word_1_31' title='bbox 109 741 295 818; x_wconf 84' lang='lat' dir='ltr'><strong>canonicos,</strong></span> <span class='ocrx_word' id='word_1_32' title='bbox 317 748 386 805; x_wconf 88' lang='lat' dir='ltr'><strong>tam</strong></span> <span class='ocrx_word' id='word_1_33' title='bbox 408 744 589 806; x_wconf 88' lang='lat' dir='ltr'><strong>residentes</strong></span> <span class='ocrx_word' id='word_1_34' title='bbox 611 764 710 826; x_wconf 88' lang='lat' dir='ltr'><strong>quam</strong></span> <span class='ocrx_word' id='word_1_35' title='bbox 729 764 796 806; x_wconf 92' lang='lat' dir='ltr'><strong>uon</strong></span> <span class='ocrx_word' id='word_1_36' title='bbox 810 745 1000 822; x_wconf 74' lang='lat' dir='ltr'>residentes,</span> <span class='ocrx_word' id='word_1_37' title='bbox 1015 745 1056 806; x_wconf 90' lang='lat' dir='ltr'><strong>ad</strong></span> <span class='ocrx_word' id='word_1_38' title='bbox 1071 745 1180 807; x_wconf 92' lang='lat' dir='ltr'><strong>omnia</strong></span> <span class='ocrx_word' id='word_1_39' title='bbox 1193 750 1265 806; x_wconf 85' lang='lat' dir='ltr'><strong>acta</strong></span> <span class='ocrx_word' id='word_1_40' title='bbox 1289 725 1426 818; x_wconf 44' lang='lat' dir='ltr'><strong>gramm?</strong></span> 
     </span>
     <span class='ocr_line' id='line_1_6' title="bbox 110 830 1375 923; baseline 0.002 -22"><span class='ocrx_word' id='word_1_41' title='bbox 110 843 150 901; x_wconf 82' lang='lat' dir='ltr'><strong>‚et</strong></span> <span class='ocrx_word' id='word_1_42' title='bbox 175 839 310 920; x_wconf 88' lang='lat' dir='ltr'><strong>negocia</strong></span> <span class='ocrx_word' id='word_1_43' title='bbox 335 838 527 920; x_wconf 86' lang='lat' dir='ltr'><strong>capitularia</strong></span> <span class='ocrx_word' id='word_1_44' title='bbox 549 840 650 921; x_wconf 88' lang='lat' dir='ltr'><strong>ipsius</strong></span> <span class='ocrx_word' id='word_1_45' title='bbox 675 839 818 902; x_wconf 74' lang='lat' dir='ltr'><strong>ecclesiae</strong></span> <span class='ocrx_word' id='word_1_46' title='bbox 844 841 1037 918; x_wconf 79' lang='lat' dir='ltr'><strong>convocetis,</strong></span> <span class='ocrx_word' id='word_1_47' title='bbox 1062 845 1097 902; x_wconf 92' lang='lat' dir='ltr'><strong>et</strong></span> <span class='ocrx_word' id='word_1_48' title='bbox 1120 842 1264 923; x_wconf 91' lang='lat' dir='ltr'><strong>ipsorum</strong></span> <span class='ocrx_word' id='word_1_49' title='bbox 1289 830 1375 876; x_wconf 55' lang='grc' dir='ltr'><strong>ΝΜ·</strong></span> 
     </span>
     <span class='ocr_line' id='line_1_7' title="bbox 114 933 1265 1018; baseline 0.002 -22"><span class='ocrx_word' id='word_1_50' title='bbox 114 933 273 1010; x_wconf 92' lang='lat' dir='ltr'><strong>omnium,</strong></span> <span class='ocrx_word' id='word_1_51' title='bbox 289 954 347 996; x_wconf 90' lang='lat' dir='ltr'><strong>seu</strong></span> <span class='ocrx_word' id='word_1_52' title='bbox 362 934 477 997; x_wconf 88' lang='lat' dir='ltr'><strong>saltem</strong></span> <span class='ocrx_word' id='word_1_53' title='bbox 499 936 630 1018; x_wconf 89' lang='lat' dir='ltr'><strong>majoris</strong></span> <span class='ocrx_word' id='word_1_54' title='bbox 652 937 753 1018; x_wconf 87' lang='lat' dir='ltr'><strong>partis</strong></span> <span class='ocrx_word' id='word_1_55' title='bbox 777 937 953 998; x_wconf 92' lang='lat' dir='ltr'><strong>eorundem</strong></span> <span class='ocrx_word' id='word_1_56' title='bbox 975 936 1108 998; x_wconf 89' lang='lat' dir='ltr'><strong>consilio</strong></span> <span class='ocrx_word' id='word_1_57' title='bbox 1130 941 1165 998; x_wconf 89' lang='lat' dir='ltr'><strong>et</strong></span> <span class='ocrx_word' id='word_1_58' title='bbox 1187 956 1265 998; x_wconf 90' lang='lat' dir='ltr'><strong>cou-</strong></span> 
     </span>
     <span class='ocr_line' id='line_1_8' title="bbox 116 1030 1266 1114; baseline 0.002 -22"><span class='ocrx_word' id='word_1_59' title='bbox 116 1048 225 1106; x_wconf 87' lang='lat' dir='ltr'><strong>sensu,</strong></span> <span class='ocrx_word' id='word_1_60' title='bbox 238 1030 347 1091; x_wconf 91' lang='lat' dir='ltr'><strong>omnia</strong></span> <span class='ocrx_word' id='word_1_61' title='bbox 361 1030 450 1092; x_wconf 88' lang='lat' dir='ltr'><strong>dicta</strong></span> <span class='ocrx_word' id='word_1_62' title='bbox 463 1032 597 1114; x_wconf 89' lang='lat' dir='ltr'><strong>negocia</strong></span> <span class='ocrx_word' id='word_1_63' title='bbox 611 1033 758 1093; x_wconf 85' lang='lat' dir='ltr'><strong>tractetis</strong></span> <span class='ocrx_word' id='word_1_64' title='bbox 773 1038 808 1094; x_wconf 89' lang='lat' dir='ltr'><strong>et</strong></span> <span class='ocrx_word' id='word_1_65' title='bbox 823 1032 1011 1114; x_wconf 81' lang='lat' dir='ltr'><strong>expediatis,</strong></span> <span class='ocrx_word' id='word_1_66' title='bbox 1026 1033 1091 1094; x_wconf 88' lang='lat' dir='ltr'><strong>nisi</strong></span> <span class='ocrx_word' id='word_1_67' title='bbox 1105 1033 1173 1094; x_wconf 90' lang='lat' dir='ltr'><strong>sint</strong></span> <span class='ocrx_word' id='word_1_68' title='bbox 1185 1032 1266 1095; x_wconf 85' lang='lat' dir='ltr'><strong>talia</strong></span> 
     </span>
     <span class='ocr_line' id='line_1_9' title="bbox 114 1125 1265 1211; baseline 0.003 -25"><span class='ocrx_word' id='word_1_69' title='bbox 114 1125 248 1208; x_wconf 87' lang='lat' dir='ltr'><strong>negocia</strong></span> <span class='ocrx_word' id='word_1_70' title='bbox 271 1144 342 1207; x_wconf 86' lang='lat' dir='ltr'><strong>quae</strong></span> <span class='ocrx_word' id='word_1_71' title='bbox 372 1127 545 1188; x_wconf 86' lang='lat' dir='ltr'><strong>canonicos</strong></span> <span class='ocrx_word' id='word_1_72' title='bbox 565 1127 807 1189; x_wconf 90' lang='lat' dir='ltr'><strong>residenciarios</strong></span> <span class='ocrx_word' id='word_1_73' title='bbox 833 1128 937 1189; x_wconf 91' lang='lat' dir='ltr'><strong>solum</strong></span> <span class='ocrx_word' id='word_1_74' title='bbox 966 1133 1106 1211; x_wconf 89' lang='lat' dir='ltr'><strong>tangunt</strong></span> <span class='ocrx_word' id='word_1_75' title='bbox 1131 1132 1167 1189; x_wconf 90' lang='lat' dir='ltr'><strong>et</strong></span> <span class='ocrx_word' id='word_1_76' title='bbox 1189 1148 1265 1190; x_wconf 91' lang='lat' dir='ltr'><strong>con-</strong></span> 
     </span>
     <span class='ocr_line' id='line_1_10' title="bbox 114 1224 1263 1305; baseline 0.003 -23"><span class='ocrx_word' id='word_1_77' title='bbox 114 1225 266 1296; x_wconf 88' lang='lat' dir='ltr'><strong>cernunt,</strong></span> <span class='ocrx_word' id='word_1_78' title='bbox 282 1227 319 1282; x_wconf 89' lang='lat' dir='ltr'><strong>ut</strong></span> <span class='ocrx_word' id='word_1_79' title='bbox 335 1227 414 1283; x_wconf 91' lang='lat' dir='ltr'><strong>sunt</strong></span> <span class='ocrx_word' id='word_1_80' title='bbox 428 1224 644 1285; x_wconf 87' lang='lat' dir='ltr'><strong>cantariarum</strong></span> <span class='ocrx_word' id='word_1_81' title='bbox 669 1224 855 1285; x_wconf 87' lang='lat' dir='ltr'><strong>vacantium</strong></span> <span class='ocrx_word' id='word_1_82' title='bbox 870 1225 1072 1305; x_wconf 89' lang='lat' dir='ltr'><strong>quorundam</strong></span> <span class='ocrx_word' id='word_1_83' title='bbox 1087 1224 1263 1285; x_wconf 88' lang='lat' dir='ltr'><strong>officiorum</strong></span> 
     </span>
     <span class='ocr_line' id='line_1_11' title="bbox 115 1316 1264 1403; baseline 0.004 -26"><span class='ocrx_word' id='word_1_84' title='bbox 115 1317 335 1378; x_wconf 90' lang='lat' dir='ltr'><strong>concessiones</strong></span> <span class='ocrx_word' id='word_1_85' title='bbox 351 1326 386 1379; x_wconf 90' lang='lat' dir='ltr'><strong>et</strong></span> <span class='ocrx_word' id='word_1_86' title='bbox 401 1316 624 1403; x_wconf 81' lang='lat' dir='ltr'><strong>exer(ci)tium</strong></span> <span class='ocrx_word' id='word_1_87' title='bbox 635 1317 871 1401; x_wconf 88' lang='lat' dir='ltr'><strong>jurisdictionis</strong></span> <span class='ocrx_word' id='word_1_88' title='bbox 890 1319 1070 1401; x_wconf 89' lang='lat' dir='ltr'><strong>spiritualis</strong></span> <span class='ocrx_word' id='word_1_89' title='bbox 1092 1341 1167 1382; x_wconf 89' lang='lat' dir='ltr'><strong>cum</strong></span> <span class='ocrx_word' id='word_1_90' title='bbox 1191 1340 1264 1401; x_wconf 91' lang='lat' dir='ltr'><strong>pro-</strong></span> 
     </span>
     <span class='ocr_line' id='line_1_12' title="bbox 115 1410 1264 1497; baseline 0.004 -25"><span class='ocrx_word' id='word_1_91' title='bbox 115 1410 200 1472; x_wconf 90' lang='lat' dir='ltr'><strong>ficuo</strong></span> <span class='ocrx_word' id='word_1_92' title='bbox 215 1410 373 1493; x_wconf 87' lang='lat' dir='ltr'><strong>ejusdem,</strong></span> <span class='ocrx_word' id='word_1_93' title='bbox 389 1434 460 1495; x_wconf 85' lang='lat' dir='ltr'><strong>quae</strong></span> <span class='ocrx_word' id='word_1_94' title='bbox 474 1415 610 1497; x_wconf 90' lang='lat' dir='ltr'><strong>negocia</strong></span> <span class='ocrx_word' id='word_1_95' title='bbox 626 1416 756 1477; x_wconf 89' lang='lat' dir='ltr'><strong>tractari</strong></span> <span class='ocrx_word' id='word_1_96' title='bbox 783 1419 818 1476; x_wconf 91' lang='lat' dir='ltr'><strong>et</strong></span> <span class='ocrx_word' id='word_1_97' title='bbox 842 1416 986 1497; x_wconf 87' lang='lat' dir='ltr'><strong>expediri</strong></span> <span class='ocrx_word' id='word_1_98' title='bbox 1012 1415 1161 1478; x_wconf 88' lang='lat' dir='ltr'><strong>volumus</strong></span> <span class='ocrx_word' id='word_1_99' title='bbox 1187 1435 1264 1477; x_wconf 91' lang='lat' dir='ltr'><strong>con·</strong></span> 
     </span>
     <span class='ocr_line' id='line_1_13' title="bbox 113 1508 1263 1592; baseline 0.004 -24"><span class='ocrx_word' id='word_1_100' title='bbox 113 1525 211 1568; x_wconf 89' lang='lat' dir='ltr'><strong>sensu</strong></span> <span class='ocrx_word' id='word_1_101' title='bbox 240 1509 387 1570; x_wconf 92' lang='lat' dir='ltr'><strong>omnium</strong></span> <span class='ocrx_word' id='word_1_102' title='bbox 417 1529 476 1571; x_wconf 88' lang='lat' dir='ltr'><strong>seu</strong></span> <span class='ocrx_word' id='word_1_103' title='bbox 506 1508 636 1592; x_wconf 88' lang='lat' dir='ltr'><strong>majoris</strong></span> <span class='ocrx_word' id='word_1_104' title='bbox 660 1511 760 1592; x_wconf 90' lang='lat' dir='ltr'><strong>partis</strong></span> <span class='ocrx_word' id='word_1_105' title='bbox 786 1512 1012 1572; x_wconf 90' lang='lat' dir='ltr'><strong>canonicorum</strong></span> <span class='ocrx_word' id='word_1_106' title='bbox 1036 1511 1263 1574; x_wconf 87' lang='lat' dir='ltr'><strong>residentium.</strong></span> 
     </span>
     <span class='ocr_line' id='line_1_14' title="bbox 112 1601 1265 1684; baseline 0.003 -20"><span class='ocrx_word' id='word_1_107' title='bbox 112 1601 151 1664; x_wconf 81' lang='lat' dir='ltr'><strong>si</strong></span> <span class='ocrx_word' id='word_1_108' title='bbox 168 1622 243 1664; x_wconf 86' lang='lat' dir='ltr'><strong>vero</strong></span> <span class='ocrx_word' id='word_1_109' title='bbox 258 1603 324 1666; x_wconf 91' lang='lat' dir='ltr'><strong>duo</strong></span> <span class='ocrx_word' id='word_1_110' title='bbox 338 1609 470 1666; x_wconf 89' lang='lat' dir='ltr'><strong>tantum</strong></span> <span class='ocrx_word' id='word_1_111' title='bbox 485 1606 632 1667; x_wconf 89' lang='lat' dir='ltr'><strong>canonici</strong></span> <span class='ocrx_word' id='word_1_112' title='bbox 647 1606 682 1667; x_wconf 89' lang='lat' dir='ltr'><strong>in</strong></span> <span class='ocrx_word' id='word_1_113' title='bbox 698 1606 814 1668; x_wconf 90' lang='lat' dir='ltr'><strong>eadem</strong></span> <span class='ocrx_word' id='word_1_114' title='bbox 833 1606 968 1667; x_wconf 89' lang='lat' dir='ltr'><strong>ecclesia</strong></span> <span class='ocrx_word' id='word_1_115' title='bbox 986 1606 1164 1684; x_wconf 80' lang='lat' dir='ltr'><strong>resideant,</strong></span> <span class='ocrx_word' id='word_1_116' title='bbox 1180 1608 1265 1668; x_wconf 92' lang='lat' dir='ltr'><strong>etin</strong></span> 
     </span>
     <span class='ocr_line' id='line_1_15' title="bbox 114 1698 1263 1783; baseline 0.002 -22"><span class='ocrx_word' id='word_1_117' title='bbox 114 1698 212 1761; x_wconf 90' lang='lat' dir='ltr'><strong>dictis</strong></span> <span class='ocrx_word' id='word_1_118' title='bbox 235 1701 380 1783; x_wconf 84' lang='lat' dir='ltr'><strong>negociis</strong></span> <span class='ocrx_word' id='word_1_119' title='bbox 403 1703 573 1763; x_wconf 89' lang='lat' dir='ltr'><strong>convenire</strong></span> <span class='ocrx_word' id='word_1_120' title='bbox 594 1707 775 1783; x_wconf 90' lang='lat' dir='ltr'><strong>nequeunt,</strong></span> <span class='ocrx_word' id='word_1_121' title='bbox 804 1702 845 1763; x_wconf 91' lang='lat' dir='ltr'><strong>ad</strong></span> <span class='ocrx_word' id='word_1_122' title='bbox 870 1721 928 1762; x_wconf 94' lang='lat' dir='ltr'><strong>nos</strong></span> <span class='ocrx_word' id='word_1_123' title='bbox 954 1702 980 1762; x_wconf 91' lang='lat' dir='ltr'><strong>si</strong></span> <span class='ocrx_word' id='word_1_124' title='bbox 1007 1701 1092 1764; x_wconf 87' lang='lat' dir='ltr'><strong>infra</strong></span> <span class='ocrx_word' id='word_1_125' title='bbox 1120 1708 1263 1763; x_wconf 87' lang='lat' dir='ltr'><strong>nostram</strong></span> 
     </span>
     <span class='ocr_line' id='line_1_16' title="bbox 114 1794 1264 1878; baseline 0.001 -21"><span class='ocrx_word' id='word_1_126' title='bbox 114 1794 281 1858; x_wconf 79' lang='lat' dir='ltr'><strong>dioecesim</strong></span> <span class='ocrx_word' id='word_1_127' title='bbox 296 1800 330 1857; x_wconf 92' lang='lat' dir='ltr'><strong>et</strong></span> <span class='ocrx_word' id='word_1_128' title='bbox 345 1797 540 1877; x_wconf 83' lang='lat' dir='ltr'><strong>provinciam</strong></span> <span class='ocrx_word' id='word_1_129' title='bbox 551 1803 631 1858; x_wconf 91' lang='lat' dir='ltr'><strong>tunc</strong></span> <span class='ocrx_word' id='word_1_130' title='bbox 641 1797 811 1874; x_wconf 87' lang='lat' dir='ltr'><strong>fuerimus,</strong></span> <span class='ocrx_word' id='word_1_131' title='bbox 821 1817 856 1858; x_wconf 93' lang='lat' dir='ltr'><strong>se</strong></span> <span class='ocrx_word' id='word_1_132' title='bbox 868 1802 979 1859; x_wconf 90' lang='lat' dir='ltr'><strong>nostro</strong></span> <span class='ocrx_word' id='word_1_133' title='bbox 983 1796 1109 1878; x_wconf 90' lang='lat' dir='ltr'><strong>judicio</strong></span> <span class='ocrx_word' id='word_1_134' title='bbox 1125 1796 1264 1858; x_wconf 87' lang='lat' dir='ltr'><strong>submis-</strong></span> 
     </span>
     <span class='ocr_line' id='line_1_17' title="bbox 114 1890 1263 1974; baseline -0.001 -20"><span class='ocrx_word' id='word_1_135' title='bbox 114 1892 193 1967; x_wconf 91' lang='lat' dir='ltr'><strong>suri,</strong></span> <span class='ocrx_word' id='word_1_136' title='bbox 209 1895 245 1952; x_wconf 90' lang='lat' dir='ltr'><strong>et</strong></span> <span class='ocrx_word' id='word_1_137' title='bbox 266 1892 466 1953; x_wconf 85' lang='lat' dir='ltr'><strong>sentenciam</strong></span> <span class='ocrx_word' id='word_1_138' title='bbox 489 1898 632 1955; x_wconf 84' lang='lat' dir='ltr'><strong>nostram</strong></span> <span class='ocrx_word' id='word_1_139' title='bbox 647 1894 683 1954; x_wconf 94' lang='lat' dir='ltr'><strong>in</strong></span> <span class='ocrx_word' id='word_1_140' title='bbox 698 1890 758 1953; x_wconf 88' lang='lat' dir='ltr'><strong>hac</strong></span> <span class='ocrx_word' id='word_1_141' title='bbox 772 1896 863 1974; x_wconf 89' lang='lat' dir='ltr'><strong>parte</strong></span> <span class='ocrx_word' id='word_1_142' title='bbox 879 1893 1082 1974; x_wconf 83' lang='lat' dir='ltr'><strong>expectaturi</strong></span> <span class='ocrx_word' id='word_1_143' title='bbox 1097 1892 1263 1971; x_wconf 87' lang='lat' dir='ltr'><strong>accedant,</strong></span> 
     </span>
     <span class='ocr_line' id='line_1_18' title="bbox 113 1987 1264 2071; baseline 0 -21"><span class='ocrx_word' id='word_1_144' title='bbox 113 1987 258 2070; x_wconf 88' lang='lat' dir='ltr'><strong>alioquin</strong></span> <span class='ocrx_word' id='word_1_145' title='bbox 267 1987 359 2049; x_wconf 92' lang='lat' dir='ltr'><strong>nobis</strong></span> <span class='ocrx_word' id='word_1_146' title='bbox 368 1993 460 2049; x_wconf 89' lang='lat' dir='ltr'><strong>extra</strong></span> <span class='ocrx_word' id='word_1_147' title='bbox 474 1989 637 2051; x_wconf 87' lang='lat' dir='ltr'><strong>dioecesim</strong></span> <span class='ocrx_word' id='word_1_148' title='bbox 650 1993 686 2050; x_wconf 90' lang='lat' dir='ltr'><strong>et</strong></span> <span class='ocrx_word' id='word_1_149' title='bbox 696 1989 894 2071; x_wconf 86' lang='lat' dir='ltr'><strong>provinciam</strong></span> <span class='ocrx_word' id='word_1_150' title='bbox 903 1987 998 2050; x_wconf 88' lang='lat' dir='ltr'><strong>Ebor.</strong></span> <span class='ocrx_word' id='word_1_151' title='bbox 1010 1987 1212 2064; x_wconf 83' lang='lat' dir='ltr'><strong>absentibus,</strong></span> <span class='ocrx_word' id='word_1_152' title='bbox 1222 1988 1264 2050; x_wconf 89' lang='lat' dir='ltr'><strong>ad</strong></span> 
     </span>
    </p>

    <p class='ocr_par' dir='ltr' id='par_1_3' title="bbox 46 2081 1263 2263">
     <span class='ocr_line' id='line_1_19' title="bbox 46 2081 1263 2167; baseline 0 -22"><span class='ocrx_word' id='word_1_153' title='bbox 46 2118 54 2129; x_wconf 88' lang='lat'><em>·</em></span> <span class='ocrx_word' id='word_1_154' title='bbox 113 2085 270 2146; x_wconf 90' lang='lat' dir='ltr'><strong>vicariurn</strong></span> <span class='ocrx_word' id='word_1_155' title='bbox 291 2088 439 2145; x_wconf 88' lang='lat' dir='ltr'><strong>nostrum</strong></span> <span class='ocrx_word' id='word_1_156' title='bbox 472 2085 506 2145; x_wconf 94' lang='lat' dir='ltr'><strong>iu</strong></span> <span class='ocrx_word' id='word_1_157' title='bbox 530 2084 754 2167; x_wconf 88' lang='lat' dir='ltr'><strong>spiritualibus</strong></span> <span class='ocrx_word' id='word_1_158' title='bbox 784 2083 974 2167; x_wconf 86' lang='lat' dir='ltr'><strong>generalem</strong></span> <span class='ocrx_word' id='word_1_159' title='bbox 996 2084 1161 2161; x_wconf 88' lang='lat' dir='ltr'><strong>accedant,</strong></span> <span class='ocrx_word' id='word_1_160' title='bbox 1192 2081 1263 2166; x_wconf 86' lang='lat' dir='ltr'><strong>ejus</strong></span> 
     </span>
     <span class='ocr_line' id='line_1_20' title="bbox 112 2181 881 2263; baseline -0.001 -20"><span class='ocrx_word' id='word_1_161' title='bbox 112 2181 314 2248; x_wconf 80' lang='lat' dir='ltr'><strong>sentenciam</strong></span> <span class='ocrx_word' id='word_1_162' title='bbox 330 2182 542 2262; x_wconf 85' lang='lat' dir='ltr'><strong>expectaturi,</strong></span> <span class='ocrx_word' id='word_1_163' title='bbox 558 2186 593 2243; x_wconf 89' lang='lat' dir='ltr'><strong>et</strong></span> <span class='ocrx_word' id='word_1_164' title='bbox 607 2182 715 2244; x_wconf 92' lang='lat' dir='ltr'><strong>eidem</strong></span> <span class='ocrx_word' id='word_1_165' title='bbox 730 2182 881 2263; x_wconf 90' lang='lat' dir='ltr'><strong>parituri.</strong></span> 
     </span>
    </p>

    <p class='ocr_par' dir='ltr' id='par_1_4' title="bbox 112 2276 1439 4286">
     <span class='ocr_line' id='line_1_21' title="bbox 179 2276 1370 2360; baseline 0.003 -23"><span class='ocrx_word' id='word_1_166' title='bbox 179 2276 328 2354; x_wconf 6' lang='lat' dir='ltr'><strong>Licetvex</strong></span> <span class='ocrx_word' id='word_1_167' title='bbox 349 2276 508 2360; x_wconf 85' lang='lat' dir='ltr'><strong>registris,</strong></span> <span class='ocrx_word' id='word_1_168' title='bbox 523 2281 591 2338; x_wconf 84' lang='lat' dir='ltr'><strong>tam</strong></span> <span class='ocrx_word' id='word_1_169' title='bbox 614 2277 757 2357; x_wconf 89' lang='lat' dir='ltr'><strong>antiquis</strong></span> <span class='ocrx_word' id='word_1_170' title='bbox 780 2296 877 2358; x_wconf 90' lang='lat' dir='ltr'><strong>quam</strong></span> <span class='ocrx_word' id='word_1_171' title='bbox 892 2277 995 2355; x_wconf 86' lang='lat' dir='ltr'><strong>novis,</strong></span> <span class='ocrx_word' id='word_1_172' title='bbox 1010 2277 1105 2339; x_wconf 85' lang='lat' dir='ltr'><strong>dictae</strong></span> <span class='ocrx_word' id='word_1_173' title='bbox 1119 2276 1262 2340; x_wconf 71' lang='lat' dir='ltr'><strong>ecclesiae</strong></span> <span class='ocrx_word' id='word_1_174' title='bbox 1286 2278 1370 2328; x_wconf 78' lang='lat' dir='ltr'><strong>ortuo</strong></span> 
     </span>
     <span class='ocr_line' id='line_1_22' title="bbox 112 2341 1439 2462; baseline 0.002 -27"><span class='ocrx_word' id='word_1_175' title='bbox 112 2372 302 2457; x_wconf 74' lang='lat' dir='ltr'><strong>collegiatae,</strong></span> <span class='ocrx_word' id='word_1_176' title='bbox 318 2371 442 2454; x_wconf 77' lang='lat' dir='ltr'><strong>liqueat</strong></span> <span class='ocrx_word' id='word_1_177' title='bbox 469 2372 641 2436; x_wconf 86' lang='lat' dir='ltr'><strong>manifeste</strong></span> <span class='ocrx_word' id='word_1_178' title='bbox 671 2374 862 2435; x_wconf 89' lang='lat' dir='ltr'><strong>canonicum</strong></span> <span class='ocrx_word' id='word_1_179' title='bbox 886 2377 921 2435; x_wconf 92' lang='lat' dir='ltr'><strong>et</strong></span> <span class='ocrx_word' id='word_1_180' title='bbox 943 2372 1201 2455; x_wconf 85' lang='lat' dir='ltr'><strong>praebendarium</strong></span> <span class='ocrx_word' id='word_1_181' title='bbox 1222 2375 1263 2437; x_wconf 91' lang='lat' dir='ltr'><strong>de</strong></span> <span class='ocrx_word' id='word_1_182' title='bbox 1287 2341 1439 2462; x_wconf 53' lang='lat' dir='ltr'>{fflnffly</span> 
     </span>
     <span class='ocr_line' id='line_1_23' title="bbox 114 2458 1394 2576; baseline 0.001 -44"><span class='ocrx_word' id='word_1_183' title='bbox 114 2468 302 2551; x_wconf 84' lang='lat' dir='ltr'><strong>Stangwigg</strong></span> <span class='ocrx_word' id='word_1_184' title='bbox 317 2467 357 2528; x_wconf 92' lang='lat' dir='ltr'><strong>de</strong></span> <span class='ocrx_word' id='word_1_185' title='bbox 372 2469 608 2530; x_wconf 90' lang='lat' dir='ltr'><strong>consuetudine</strong></span> <span class='ocrx_word' id='word_1_186' title='bbox 626 2470 763 2550; x_wconf 89' lang='lat' dir='ltr'><strong>antiqua</strong></span> <span class='ocrx_word' id='word_1_187' title='bbox 785 2489 803 2530; x_wconf 90' lang='lat' dir='ltr'><strong>a</strong></span> <span class='ocrx_word' id='word_1_188' title='bbox 827 2473 973 2551; x_wconf 89' lang='lat' dir='ltr'><strong>tempore</strong></span> <span class='ocrx_word' id='word_1_189' title='bbox 997 2475 1032 2531; x_wconf 90' lang='lat' dir='ltr'><strong>et</strong></span> <span class='ocrx_word' id='word_1_190' title='bbox 1054 2490 1111 2551; x_wconf 89' lang='lat' dir='ltr'><strong>per</strong></span> <span class='ocrx_word' id='word_1_191' title='bbox 1133 2476 1264 2553; x_wconf 83' lang='lat' dir='ltr'><strong>tempus</strong></span> <span class='ocrx_word' id='word_1_192' title='bbox 1287 2458 1394 2576; x_wconf 37' lang='grc' dir='ltr'><strong>ἓξὲξ·</strong></span> 
     </span>
     <span class='ocr_line' id='line_1_24' title="bbox 112 2563 1263 2647; baseline 0.003 -21"><span class='ocrx_word' id='word_1_193' title='bbox 112 2563 206 2647; x_wconf 89' lang='lat' dir='ltr'><strong>cujus</strong></span> <span class='ocrx_word' id='word_1_194' title='bbox 231 2565 383 2627; x_wconf 90' lang='lat' dir='ltr'><strong>contrarii</strong></span> <span class='ocrx_word' id='word_1_195' title='bbox 409 2565 564 2626; x_wconf 91' lang='lat' dir='ltr'><strong>memoria</strong></span> <span class='ocrx_word' id='word_1_196' title='bbox 586 2563 758 2627; x_wconf 92' lang='lat' dir='ltr'><strong>hominum</strong></span> <span class='ocrx_word' id='word_1_197' title='bbox 780 2584 846 2626; x_wconf 93' lang='lat' dir='ltr'><strong>nou</strong></span> <span class='ocrx_word' id='word_1_198' title='bbox 867 2566 990 2642; x_wconf 88' lang='lat' dir='ltr'><strong>existit,</strong></span> <span class='ocrx_word' id='word_1_199' title='bbox 1011 2564 1111 2628; x_wconf 87' lang='lat' dir='ltr'><strong>fuisse</strong></span> <span class='ocrx_word' id='word_1_200' title='bbox 1135 2571 1170 2629; x_wconf 90' lang='lat' dir='ltr'><strong>et</strong></span> <span class='ocrx_word' id='word_1_201' title='bbox 1194 2586 1263 2630; x_wconf 87' lang='lat' dir='ltr'><strong>esse</strong></span> 
     </span>
     <span class='ocr_line' id='line_1_25' title="bbox 114 2659 1265 2742; baseline 0.004 -21"><span class='ocrx_word' id='word_1_202' title='bbox 114 2660 247 2722; x_wconf 91' lang='lat' dir='ltr'><strong>solitum</strong></span> <span class='ocrx_word' id='word_1_203' title='bbox 271 2660 313 2721; x_wconf 92' lang='lat' dir='ltr'><strong>ad</strong></span> <span class='ocrx_word' id='word_1_204' title='bbox 335 2660 445 2721; x_wconf 89' lang='lat' dir='ltr'><strong>omnia</strong></span> <span class='ocrx_word' id='word_1_205' title='bbox 466 2666 540 2722; x_wconf 90' lang='lat' dir='ltr'><strong>acta</strong></span> <span class='ocrx_word' id='word_1_206' title='bbox 554 2659 745 2742; x_wconf 88' lang='lat' dir='ltr'><strong>capitularia</strong></span> <span class='ocrx_word' id='word_1_207' title='bbox 760 2665 910 2723; x_wconf 87' lang='lat' dir='ltr'><strong>vocatum</strong></span> <span class='ocrx_word' id='word_1_208' title='bbox 934 2662 1018 2725; x_wconf 89' lang='lat' dir='ltr'><strong>sicut</strong></span> <span class='ocrx_word' id='word_1_209' title='bbox 1040 2663 1148 2724; x_wconf 80' lang='lat' dir='ltr'><strong>caeteri</strong></span> <span class='ocrx_word' id='word_1_210' title='bbox 1170 2683 1265 2726; x_wconf 85' lang='lat' dir='ltr'><strong>cano-</strong></span> 
     </span>
     <span class='ocr_line' id='line_1_26' title="bbox 112 2753 1265 2839; baseline 0.003 -23"><span class='ocrx_word' id='word_1_211' title='bbox 112 2755 179 2816; x_wconf 91' lang='lat' dir='ltr'><strong>nici</strong></span> <span class='ocrx_word' id='word_1_212' title='bbox 194 2760 229 2817; x_wconf 93' lang='lat' dir='ltr'><strong>et</strong></span> <span class='ocrx_word' id='word_1_213' title='bbox 250 2753 461 2836; x_wconf 75' lang='lat' dir='ltr'><strong>praebendarii</strong></span> <span class='ocrx_word' id='word_1_214' title='bbox 481 2753 630 2837; x_wconf 92' lang='lat' dir='ltr'><strong>ejusdem</strong></span> <span class='ocrx_word' id='word_1_215' title='bbox 650 2755 801 2833; x_wconf 79' lang='lat' dir='ltr'><strong>ecclesias,</strong></span> <span class='ocrx_word' id='word_1_216' title='bbox 816 2776 852 2817; x_wconf 88' lang='lat' dir='ltr'><strong>ac</strong></span> <span class='ocrx_word' id='word_1_217' title='bbox 874 2757 974 2818; x_wconf 91' lang='lat' dir='ltr'><strong>etiam</strong></span> <span class='ocrx_word' id='word_1_218' title='bbox 995 2755 1096 2819; x_wconf 88' lang='lat' dir='ltr'><strong>fuisse</strong></span> <span class='ocrx_word' id='word_1_219' title='bbox 1118 2777 1176 2839; x_wconf 93' lang='lat' dir='ltr'><strong>pro</strong></span> <span class='ocrx_word' id='word_1_220' title='bbox 1198 2778 1265 2821; x_wconf 92' lang='lat' dir='ltr'><strong>uno</strong></span> 
     </span>
     <span class='ocr_line' id='line_1_27' title="bbox 113 2850 1265 2933; baseline 0.003 -19"><span class='ocrx_word' id='word_1_221' title='bbox 113 2851 154 2914; x_wconf 92' lang='lat' dir='ltr'><strong>de</strong></span> <span class='ocrx_word' id='word_1_222' title='bbox 169 2851 312 2933; x_wconf 89' lang='lat' dir='ltr'><strong>capitulo</strong></span> <span class='ocrx_word' id='word_1_223' title='bbox 329 2851 432 2932; x_wconf 91' lang='lat' dir='ltr'><strong>ipsius</strong></span> <span class='ocrx_word' id='word_1_224' title='bbox 454 2850 597 2914; x_wconf 77' lang='lat' dir='ltr'><strong>ecclesiae</strong></span> <span class='ocrx_word' id='word_1_225' title='bbox 619 2857 820 2933; x_wconf 87' lang='lat' dir='ltr'><strong>reputatum,</strong></span> <span class='ocrx_word' id='word_1_226' title='bbox 835 2850 1066 2914; x_wconf 89' lang='lat' dir='ltr'><strong>nichilominus</strong></span> <span class='ocrx_word' id='word_1_227' title='bbox 1091 2856 1203 2915; x_wconf 88' lang='lat' dir='ltr'><strong>tamen</strong></span> <span class='ocrx_word' id='word_1_228' title='bbox 1225 2875 1265 2917; x_wconf 84' lang='lat' dir='ltr'><strong>ex</strong></span> 
     </span>
     <span class='ocr_line' id='line_1_28' title="bbox 113 2943 1264 3031; baseline 0.003 -22"><span class='ocrx_word' id='word_1_229' title='bbox 113 2947 244 3029; x_wconf 90' lang='lat' dir='ltr'><strong>querela</strong></span> <span class='ocrx_word' id='word_1_230' title='bbox 258 2947 370 3009; x_wconf 89' lang='lat' dir='ltr'><strong>dilecti</strong></span> <span class='ocrx_word' id='word_1_231' title='bbox 385 2948 420 3009; x_wconf 92' lang='lat' dir='ltr'><strong>in</strong></span> <span class='ocrx_word' id='word_1_232' title='bbox 436 2943 563 3010; x_wconf 84' lang='lat' dir='ltr'><strong>Christo</strong></span> <span class='ocrx_word' id='word_1_233' title='bbox 585 2946 646 3008; x_wconf 92' lang='lat' dir='ltr'><strong>filii</strong></span> <span class='ocrx_word' id='word_1_234' title='bbox 662 2946 827 3010; x_wconf 81' lang='lat' dir='ltr'><strong>Cristoieri</strong></span> <span class='ocrx_word' id='word_1_235' title='bbox 843 2945 948 3024; x_wconf 83' lang='lat' dir='ltr'><strong>Seele,</strong></span> <span class='ocrx_word' id='word_1_236' title='bbox 963 2949 1109 3010; x_wconf 86' lang='lat' dir='ltr'><strong>canonici</strong></span> <span class='ocrx_word' id='word_1_237' title='bbox 1124 2953 1159 3010; x_wconf 90' lang='lat' dir='ltr'><strong>et</strong></span> <span class='ocrx_word' id='word_1_238' title='bbox 1180 2969 1264 3031; x_wconf 55' lang='lat' dir='ltr'><strong>praea</strong></span> 
     </span>
     <span class='ocr_line' id='line_1_29' title="bbox 113 3041 1263 3127; baseline 0.001 -22"><span class='ocrx_word' id='word_1_239' title='bbox 113 3042 260 3106; x_wconf 90' lang='lat' dir='ltr'><strong>bendarii</strong></span> <span class='ocrx_word' id='word_1_240' title='bbox 290 3043 330 3104; x_wconf 93' lang='lat' dir='ltr'><strong>de</strong></span> <span class='ocrx_word' id='word_1_241' title='bbox 362 3041 530 3127; x_wconf 83' lang='lat' dir='ltr'><strong>Stangwig</strong></span> <span class='ocrx_word' id='word_1_242' title='bbox 559 3041 716 3121; x_wconf 91' lang='lat' dir='ltr'><strong>moderni,</strong></span> <span class='ocrx_word' id='word_1_243' title='bbox 746 3042 839 3104; x_wconf 91' lang='lat' dir='ltr'><strong>nobis</strong></span> <span class='ocrx_word' id='word_1_244' title='bbox 869 3041 935 3104; x_wconf 90' lang='lat' dir='ltr'><strong>fuit</strong></span> <span class='ocrx_word' id='word_1_245' title='bbox 964 3042 1154 3104; x_wconf 89' lang='lat' dir='ltr'><strong>intimatum</strong></span> <span class='ocrx_word' id='word_1_246' title='bbox 1176 3042 1263 3126; x_wconf 92' lang='lat' dir='ltr'><strong>quod</strong></span> 
     </span>
     <span class='ocr_line' id='line_1_30' title="bbox 113 3137 1265 3221; baseline -0.002 -19"><span class='ocrx_word' id='word_1_247' title='bbox 113 3137 330 3202; x_wconf 74' lang='lat' dir='ltr'><strong>christoforus</strong></span> <span class='ocrx_word' id='word_1_248' title='bbox 344 3138 496 3221; x_wconf 89' lang='lat' dir='ltr'><strong>Dragley,</strong></span> <span class='ocrx_word' id='word_1_249' title='bbox 511 3160 552 3202; x_wconf 89' lang='lat' dir='ltr'><strong>ex</strong></span> <span class='ocrx_word' id='word_1_250' title='bbox 565 3139 657 3202; x_wconf 89' lang='lat' dir='ltr'><strong>nulla</strong></span> <span class='ocrx_word' id='word_1_251' title='bbox 674 3138 767 3221; x_wconf 87' lang='lat' dir='ltr'><strong>justa</strong></span> <span class='ocrx_word' id='word_1_252' title='bbox 781 3157 877 3199; x_wconf 86' lang='lat' dir='ltr'><strong>causa</strong></span> <span class='ocrx_word' id='word_1_253' title='bbox 891 3138 1012 3199; x_wconf 86' lang='lat' dir='ltr'><strong>dictam</strong></span> <span class='ocrx_word' id='word_1_254' title='bbox 1035 3138 1206 3219; x_wconf 87' lang='lat' dir='ltr'><strong>antiquam</strong></span> <span class='ocrx_word' id='word_1_255' title='bbox 1229 3143 1265 3200; x_wconf 92' lang='lat' dir='ltr'><strong>et</strong></span> 
     </span>
     <span class='ocr_line' id='line_1_31' title="bbox 112 3232 1265 3314; baseline -0.001 -18"><span class='ocrx_word' id='word_1_256' title='bbox 112 3233 307 3298; x_wconf 89' lang='lat' dir='ltr'><strong>laudabilem</strong></span> <span class='ocrx_word' id='word_1_257' title='bbox 323 3235 592 3297; x_wconf 88' lang='lat' dir='ltr'><strong>cousuetudinem</strong></span> <span class='ocrx_word' id='word_1_258' title='bbox 607 3240 730 3297; x_wconf 89' lang='lat' dir='ltr'><strong>temere</strong></span> <span class='ocrx_word' id='word_1_259' title='bbox 745 3232 878 3310; x_wconf 85' lang='lat' dir='ltr'><strong>violans,</strong></span> <span class='ocrx_word' id='word_1_260' title='bbox 893 3252 1004 3294; x_wconf 92' lang='lat' dir='ltr'><strong>omnes</strong></span> <span class='ocrx_word' id='word_1_261' title='bbox 1025 3238 1117 3294; x_wconf 88' lang='lat' dir='ltr'><strong>actus</strong></span> <span class='ocrx_word' id='word_1_262' title='bbox 1139 3234 1265 3314; x_wconf 90' lang='lat' dir='ltr'><strong>capitu-</strong></span> 
     </span>
     <span class='ocr_line' id='line_1_32' title="bbox 113 3327 1264 3413; baseline -0.003 -19"><span class='ocrx_word' id='word_1_263' title='bbox 113 3332 195 3394; x_wconf 88' lang='lat' dir='ltr'><strong>lares</strong></span> <span class='ocrx_word' id='word_1_264' title='bbox 211 3351 268 3413; x_wconf 91' lang='lat' dir='ltr'><strong>per</strong></span> <span class='ocrx_word' id='word_1_265' title='bbox 284 3351 316 3392; x_wconf 92' lang='lat' dir='ltr'><strong>se</strong></span> <span class='ocrx_word' id='word_1_266' title='bbox 332 3336 474 3407; x_wconf 84' lang='lat' dir='ltr'><strong>tantum,</strong></span> <span class='ocrx_word' id='word_1_267' title='bbox 489 3337 557 3391; x_wconf 86' lang='lat' dir='ltr'><strong>tam</strong></span> <span class='ocrx_word' id='word_1_268' title='bbox 580 3331 668 3392; x_wconf 89' lang='lat' dir='ltr'><strong>dicto</strong></span> <span class='ocrx_word' id='word_1_269' title='bbox 683 3327 879 3392; x_wconf 85' lang='lat' dir='ltr'><strong>Christofero</strong></span> <span class='ocrx_word' id='word_1_270' title='bbox 902 3327 994 3391; x_wconf 86' lang='lat' dir='ltr'><strong>Seale</strong></span> <span class='ocrx_word' id='word_1_271' title='bbox 1018 3347 1116 3411; x_wconf 88' lang='lat' dir='ltr'><strong>quam</strong></span> <span class='ocrx_word' id='word_1_272' title='bbox 1138 3330 1264 3391; x_wconf 82' lang='lat' dir='ltr'><strong>caeteria</strong></span> 
     </span>
     <span class='ocr_line' id='line_1_33' title="bbox 112 3424 1265 3508; baseline 0 -19"><span class='ocrx_word' id='word_1_273' title='bbox 112 3427 274 3490; x_wconf 85' lang='lat' dir='ltr'><strong>canonicis</strong></span> <span class='ocrx_word' id='word_1_274' title='bbox 298 3426 393 3488; x_wconf 84' lang='lat' dir='ltr'><strong>dictae</strong></span> <span class='ocrx_word' id='word_1_275' title='bbox 419 3426 561 3488; x_wconf 85' lang='lat' dir='ltr'><strong>ecclesiae</strong></span> <span class='ocrx_word' id='word_1_276' title='bbox 583 3426 779 3508; x_wconf 89' lang='lat' dir='ltr'><strong>contemptis</strong></span> <span class='ocrx_word' id='word_1_277' title='bbox 802 3428 838 3486; x_wconf 89' lang='lat' dir='ltr'><strong>et</strong></span> <span class='ocrx_word' id='word_1_278' title='bbox 859 3444 925 3487; x_wconf 92' lang='lat' dir='ltr'><strong>non</strong></span> <span class='ocrx_word' id='word_1_279' title='bbox 940 3424 1072 3502; x_wconf 88' lang='lat' dir='ltr'><strong>vocatis,</strong></span> <span class='ocrx_word' id='word_1_280' title='bbox 1087 3428 1207 3487; x_wconf 88' lang='lat' dir='ltr'><strong>tractat</strong></span> <span class='ocrx_word' id='word_1_281' title='bbox 1229 3431 1265 3489; x_wconf 91' lang='lat' dir='ltr'><strong>et</strong></span> 
     </span>
     <span class='ocr_line' id='line_1_34' title="bbox 113 3516 1264 3605; baseline -0.001 -20"><span class='ocrx_word' id='word_1_282' title='bbox 113 3523 255 3605; x_wconf 88' lang='lat' dir='ltr'><strong>expedit,</strong></span> <span class='ocrx_word' id='word_1_283' title='bbox 270 3523 305 3583; x_wconf 95' lang='lat' dir='ltr'><strong>in</strong></span> <span class='ocrx_word' id='word_1_284' title='bbox 321 3523 415 3584; x_wconf 81' lang='lat' dir='ltr'><strong>dictae</strong></span> <span class='ocrx_word' id='word_1_285' title='bbox 430 3521 573 3583; x_wconf 77' lang='lat' dir='ltr'><strong>ecclesiae</strong></span> <span class='ocrx_word' id='word_1_286' title='bbox 587 3542 683 3604; x_wconf 90' lang='lat' dir='ltr'><strong>grave</strong></span> <span class='ocrx_word' id='word_1_287' title='bbox 707 3521 888 3602; x_wconf 92' lang='lat' dir='ltr'><strong>dampnum</strong></span> <span class='ocrx_word' id='word_1_288' title='bbox 903 3526 937 3581; x_wconf 89' lang='lat' dir='ltr'><strong>et</strong></span> <span class='ocrx_word' id='word_1_289' title='bbox 957 3519 1059 3601; x_wconf 89' lang='lat' dir='ltr'><strong>ipsius</strong></span> <span class='ocrx_word' id='word_1_290' title='bbox 1074 3516 1264 3585; x_wconf 82' lang='lat' dir='ltr'><strong>Christoieri</strong></span> 
     </span>
     <span class='ocr_line' id='line_1_35' title="bbox 113 3614 1263 3698; baseline 0 -18"><span class='ocrx_word' id='word_1_291' title='bbox 113 3619 205 3681; x_wconf 85' lang='lat' dir='ltr'><strong>Seale</strong></span> <span class='ocrx_word' id='word_1_292' title='bbox 221 3623 257 3680; x_wconf 88' lang='lat' dir='ltr'><strong>et</strong></span> <span class='ocrx_word' id='word_1_293' title='bbox 270 3618 408 3679; x_wconf 87' lang='lat' dir='ltr'><strong>aliorum</strong></span> <span class='ocrx_word' id='word_1_294' title='bbox 431 3618 655 3679; x_wconf 87' lang='lat' dir='ltr'><strong>canonicorum</strong></span> <span class='ocrx_word' id='word_1_295' title='bbox 670 3617 765 3679; x_wconf 70' lang='lat' dir='ltr'><strong>dictae</strong></span> <span class='ocrx_word' id='word_1_296' title='bbox 788 3616 929 3679; x_wconf 86' lang='lat' dir='ltr'><strong>ecclesiae</strong></span> <span class='ocrx_word' id='word_1_297' title='bbox 950 3614 1175 3698; x_wconf 76' lang='lat' dir='ltr'><strong>praejudicium</strong></span> <span class='ocrx_word' id='word_1_298' title='bbox 1197 3637 1263 3680; x_wconf 91' lang='lat' dir='ltr'><strong>nou</strong></span> 
     </span>
     <span class='ocr_line' id='line_1_36' title="bbox 113 3713 1262 3797; baseline 0 -21"><span class='ocrx_word' id='word_1_299' title='bbox 113 3715 276 3777; x_wconf 90' lang='lat' dir='ltr'><strong>modicum</strong></span> <span class='ocrx_word' id='word_1_300' title='bbox 304 3720 339 3775; x_wconf 93' lang='lat' dir='ltr'><strong>et</strong></span> <span class='ocrx_word' id='word_1_301' title='bbox 359 3734 546 3797; x_wconf 89' lang='lat' dir='ltr'><strong>gravamen,</strong></span> <span class='ocrx_word' id='word_1_302' title='bbox 569 3713 657 3774; x_wconf 91' lang='lat' dir='ltr'><strong>unde</strong></span> <span class='ocrx_word' id='word_1_303' title='bbox 682 3733 752 3789; x_wconf 93' lang='lat' dir='ltr'><strong>nos,</strong></span> <span class='ocrx_word' id='word_1_304' title='bbox 779 3713 930 3775; x_wconf 84' lang='lat' dir='ltr'><strong>scrutatis</strong></span> <span class='ocrx_word' id='word_1_305' title='bbox 956 3713 1101 3795; x_wconf 88' lang='lat' dir='ltr'><strong>registris</strong></span> <span class='ocrx_word' id='word_1_306' title='bbox 1124 3718 1159 3775; x_wconf 90' lang='lat' dir='ltr'><strong>et</strong></span> <span class='ocrx_word' id='word_1_307' title='bbox 1180 3715 1262 3777; x_wconf 85' lang='lat' dir='ltr'><strong>actis</strong></span> 
     </span>
     <span class='ocr_line' id='line_1_37' title="bbox 112 3807 1264 3892; baseline 0.001 -20"><span class='ocrx_word' id='word_1_308' title='bbox 112 3809 345 3892; x_wconf 90' lang='lat' dir='ltr'><strong>capitularibus</strong></span> <span class='ocrx_word' id='word_1_309' title='bbox 361 3810 456 3872; x_wconf 82' lang='lat' dir='ltr'><strong>dictae</strong></span> <span class='ocrx_word' id='word_1_310' title='bbox 471 3809 625 3885; x_wconf 78' lang='lat' dir='ltr'><strong>ecclesiae,</strong></span> <span class='ocrx_word' id='word_1_311' title='bbox 641 3810 752 3891; x_wconf 90' lang='lat' dir='ltr'><strong>eisque</strong></span> <span class='ocrx_word' id='word_1_312' title='bbox 767 3829 825 3891; x_wconf 91' lang='lat' dir='ltr'><strong>per</strong></span> <span class='ocrx_word' id='word_1_313' title='bbox 847 3828 906 3871; x_wconf 93' lang='lat' dir='ltr'><strong>nos</strong></span> <span class='ocrx_word' id='word_1_314' title='bbox 928 3807 1105 3891; x_wconf 90' lang='lat' dir='ltr'><strong>diligenter</strong></span> <span class='ocrx_word' id='word_1_315' title='bbox 1127 3810 1205 3872; x_wconf 85' lang='lat' dir='ltr'><strong>visis</strong></span> <span class='ocrx_word' id='word_1_316' title='bbox 1228 3817 1264 3873; x_wconf 92' lang='lat' dir='ltr'><strong>et</strong></span> 
     </span>
     <span class='ocr_line' id='line_1_38' title="bbox 112 3902 1263 3987; baseline 0.001 -20"><span class='ocrx_word' id='word_1_317' title='bbox 112 3905 302 3982; x_wconf 88' lang='lat' dir='ltr'><strong>intellectis,</strong></span> <span class='ocrx_word' id='word_1_318' title='bbox 332 3905 561 3968; x_wconf 89' lang='lat' dir='ltr'><strong>consuetudini</strong></span> <span class='ocrx_word' id='word_1_319' title='bbox 592 3905 735 3987; x_wconf 85' lang='lat' dir='ltr'><strong>autiquae</strong></span> <span class='ocrx_word' id='word_1_320' title='bbox 765 3905 861 3966; x_wconf 87' lang='lat' dir='ltr'><strong>dictae</strong></span> <span class='ocrx_word' id='word_1_321' title='bbox 888 3903 1030 3966; x_wconf 72' lang='lat' dir='ltr'><strong>ecclesias</strong></span> <span class='ocrx_word' id='word_1_322' title='bbox 1055 3902 1263 3983; x_wconf 88' lang='lat' dir='ltr'><strong>inhaerentes,</strong></span> 
     </span>
     <span class='ocr_line' id='line_1_39' title="bbox 112 3997 1264 4083; baseline 0.002 -21"><span class='ocrx_word' id='word_1_323' title='bbox 112 4002 247 4083; x_wconf 68' lang='lat' dir='ltr'><strong>praefato</strong></span> <span class='ocrx_word' id='word_1_324' title='bbox 270 3999 467 4065; x_wconf 85' lang='lat' dir='ltr'><strong>Christofero</strong></span> <span class='ocrx_word' id='word_1_325' title='bbox 489 3999 630 4082; x_wconf 88' lang='lat' dir='ltr'><strong>Dragley</strong></span> <span class='ocrx_word' id='word_1_326' title='bbox 645 4005 680 4062; x_wconf 89' lang='lat' dir='ltr'><strong>et</strong></span> <span class='ocrx_word' id='word_1_327' title='bbox 703 4001 829 4062; x_wconf 72' lang='lat' dir='ltr'><strong>caeteris</strong></span> <span class='ocrx_word' id='word_1_328' title='bbox 855 4000 1016 4062; x_wconf 87' lang='lat' dir='ltr'><strong>canonicis</strong></span> <span class='ocrx_word' id='word_1_329' title='bbox 1040 3997 1187 4081; x_wconf 85' lang='lat' dir='ltr'><strong>ejusdem</strong></span> <span class='ocrx_word' id='word_1_330' title='bbox 1211 4021 1264 4064; x_wconf 88' lang='lat' dir='ltr'><strong>ec·</strong></span> 
     </span>
     <span class='ocr_line' id='line_1_40' title="bbox 112 4095 1438 4179; baseline -0.002 -20"><span class='ocrx_word' id='word_1_331' title='bbox 112 4097 219 4159; x_wconf 89' lang='lat' dir='ltr'><strong>clesiae</strong></span> <span class='ocrx_word' id='word_1_332' title='bbox 240 4097 461 4159; x_wconf 86' lang='lat' dir='ltr'><strong>residentibus</strong></span> <span class='ocrx_word' id='word_1_333' title='bbox 475 4095 681 4179; x_wconf 89' lang='lat' dir='ltr'><strong>injungimus</strong></span> <span class='ocrx_word' id='word_1_334' title='bbox 703 4099 740 4157; x_wconf 90' lang='lat' dir='ltr'><strong>et</strong></span> <span class='ocrx_word' id='word_1_335' title='bbox 760 4095 954 4157; x_wconf 90' lang='lat' dir='ltr'><strong>mandamus</strong></span> <span class='ocrx_word' id='word_1_336' title='bbox 977 4115 1018 4158; x_wconf 92' lang='lat' dir='ltr'><strong>ne</strong></span> <span class='ocrx_word' id='word_1_337' title='bbox 1040 4096 1109 4177; x_wconf 90' lang='lat' dir='ltr'><strong>ipse</strong></span> <span class='ocrx_word' id='word_1_338' title='bbox 1132 4101 1191 4158; x_wconf 88' lang='lat' dir='ltr'><strong>aut</strong></span> <span class='ocrx_word' id='word_1_339' title='bbox 1212 4097 1263 4159; x_wconf 93' lang='lat' dir='ltr'><strong>illi</strong></span> <span class='ocrx_word' id='word_1_340' title='bbox 1286 4109 1438 4158; x_wconf 65' lang='lat' dir='ltr'><strong>sacratos·</strong></span> 
     </span>
     <span class='ocr_line' id='line_1_41' title="bbox 112 4170 1411 4286; baseline -0.001 -30"><span class='ocrx_word' id='word_1_341' title='bbox 112 4193 238 4276; x_wconf 89' lang='lat' dir='ltr'><strong>aliquos</strong></span> <span class='ocrx_word' id='word_1_342' title='bbox 268 4198 360 4254; x_wconf 88' lang='lat' dir='ltr'><strong>actus</strong></span> <span class='ocrx_word' id='word_1_343' title='bbox 387 4191 580 4274; x_wconf 90' lang='lat' dir='ltr'><strong>capitulares</strong></span> <span class='ocrx_word' id='word_1_344' title='bbox 610 4195 731 4253; x_wconf 87' lang='lat' dir='ltr'><strong>tractet</strong></span> <span class='ocrx_word' id='word_1_345' title='bbox 760 4196 820 4254; x_wconf 88' lang='lat' dir='ltr'><strong>aut</strong></span> <span class='ocrx_word' id='word_1_346' title='bbox 848 4195 1002 4267; x_wconf 86' lang='lat' dir='ltr'><strong>tractent,</strong></span> <span class='ocrx_word' id='word_1_347' title='bbox 1027 4191 1178 4272; x_wconf 88' lang='lat' dir='ltr'><strong>expediat</strong></span> <span class='ocrx_word' id='word_1_348' title='bbox 1205 4197 1264 4254; x_wconf 87' lang='lat' dir='ltr'><strong>aut</strong></span> <span class='ocrx_word' id='word_1_349' title='bbox 1286 4170 1411 4286; x_wconf 41' lang='lat' dir='ltr'><strong>iffi?</strong></span> 
     </span>
    </p>

    <p class='ocr_par' dir='ltr' id='par_1_5' title="bbox 29 4285 1400 4372">
     <span class='ocr_line' id='line_1_42' title="bbox 29 4285 1400 4372; baseline -0.001 -21"><span class='ocrx_word' id='word_1_350' title='bbox 29 4363 35 4369; x_wconf 42' lang='grc'><em>,</em></span> <span class='ocrx_word' id='word_1_351' title='bbox 112 4289 297 4372; x_wconf 86' lang='lat' dir='ltr'><strong>expediant,</strong></span> <span class='ocrx_word' id='word_1_352' title='bbox 312 4289 376 4349; x_wconf 90' lang='lat' dir='ltr'><strong>nisi</strong></span> <span class='ocrx_word' id='word_1_353' title='bbox 391 4288 544 4350; x_wconf 89' lang='lat' dir='ltr'><strong>canonico</strong></span> <span class='ocrx_word' id='word_1_354' title='bbox 559 4291 594 4349; x_wconf 90' lang='lat' dir='ltr'><strong>et</strong></span> <span class='ocrx_word' id='word_1_355' title='bbox 608 4286 828 4368; x_wconf 70' lang='lat' dir='ltr'><strong>praebendario</strong></span> <span class='ocrx_word' id='word_1_356' title='bbox 842 4286 883 4348; x_wconf 93' lang='lat' dir='ltr'><strong>de</strong></span> <span class='ocrx_word' id='word_1_357' title='bbox 900 4285 1066 4369; x_wconf 84' lang='lat' dir='ltr'><strong>Stangwig</strong></span> <span class='ocrx_word' id='word_1_358' title='bbox 1087 4305 1124 4347; x_wconf 90' lang='lat' dir='ltr'><strong>ac</strong></span> <span class='ocrx_word' id='word_1_359' title='bbox 1139 4288 1263 4349; x_wconf 86' lang='lat' dir='ltr'><strong>caeteris</strong></span> <span class='ocrx_word' id='word_1_360' title='bbox 1286 4286 1348 4332; x_wconf 79' lang='lat' dir='ltr'><strong>with</strong></span> <span class='ocrx_word' id='word_1_361' title='bbox 1359 4287 1400 4333; x_wconf 68' lang='lat'><strong>⁸¹¹⁰</strong></span> 
     </span>
    </p>
   </div>
   <div class='ocr_carea' id='block_1_3' title="bbox 113 4349 1342 4466">
    <p class='ocr_par' dir='ltr' id='par_1_6' title="bbox 113 4349 1342 4466">
     <span class='ocr_line' id='line_1_43' title="bbox 113 4349 1342 4466; baseline -0.003 -19"><span class='ocrx_word' id='word_1_362' title='bbox 113 4386 273 4447; x_wconf 84' lang='lat' dir='ltr'><strong>canonicis</strong></span> <span class='ocrx_word' id='word_1_363' title='bbox 289 4390 324 4446; x_wconf 91' lang='lat' dir='ltr'><strong>et</strong></span> <span class='ocrx_word' id='word_1_364' title='bbox 338 4384 567 4466; x_wconf 86' lang='lat' dir='ltr'><strong>praebendariis</strong></span> <span class='ocrx_word' id='word_1_365' title='bbox 583 4381 730 4465; x_wconf 86' lang='lat' dir='ltr'><strong>ejusdem</strong></span> <span class='ocrx_word' id='word_1_366' title='bbox 746 4382 890 4446; x_wconf 80' lang='lat' dir='ltr'><strong>ecclesiae</strong></span> <span class='ocrx_word' id='word_1_367' title='bbox 909 4382 989 4444; x_wconf 87' lang='lat' dir='ltr'><strong>licet</strong></span> <span class='ocrx_word' id='word_1_368' title='bbox 1010 4401 1076 4444; x_wconf 92' lang='lat' dir='ltr'><strong>nou</strong></span> <span class='ocrx_word' id='word_1_369' title='bbox 1091 4382 1264 4444; x_wconf 89' lang='lat' dir='ltr'><strong>residenti·</strong></span> <span class='ocrx_word' id='word_1_370' title='bbox 1287 4349 1342 4392; x_wconf 66' lang='lat' dir='ltr'><strong>rest„</strong></span> 
     </span>
    </p>
   </div>
   <div class='ocr_carea' id='block_1_4' title="bbox 0 0 1500 5010">
    <p class='ocr_par' dir='ltr' id='par_1_7' title="bbox 0 0 1500 5010">
     <span class='ocr_line' id='line_1_44' title="bbox 0 0 1500 5010; baseline 0 0"><span class='ocrx_word' id='word_1_371' title='bbox 0 0 1500 5010; x_wconf 95' lang='lat' dir='ltr'><strong> </strong></span> 
     </span>
    </p>
   </div>
  </div>
 </body>
</html>
