2992 5010
40 3745 52 3806 )

514 301 721 354 molimus
745 301 791 353 OF
815 301 935 352 mpori.

151 471 343 553 periculum,
364 470 581 535 intollerabile
604 471 850 549 detrimentum,
877 476 912 531 et
936 469 1121 531 scandalum
1146 468 1303 550 plurimo-

151 587 237 630 rum.

217 664 269 726 Ad
290 664 522 747 inquirendum
541 662 645 745 igitur
659 662 694 723 in
710 661 821 724 debita
831 661 917 745 juris
932 661 1044 737 forma,
1060 667 1130 722 tam
1145 680 1203 742 per
1216 659 1305 720 viros

150 757 344 843 fidedignos,
360 759 492 822 clericos
515 760 617 821 eciam
643 778 681 819 ac
706 757 815 836 laicos,
838 756 996 820 informa
1013 757 1099 841 juris
1117 757 1245 839 juratos
1267 759 1305 816 et

150 857 361 934 examinatos,
390 877 447 938 per
476 875 557 938 quos
586 854 634 916 rei
664 855 784 916 veritas
806 855 925 917 melius
951 862 986 917 et
1013 854 1201 916 evidenoius
1228 851 1305 912 sciri

151 953 283 1033 poterit,
298 972 396 1034 quam
419 952 493 1013 aliis
515 949 767 1013 racionabilibus
789 950 1027 1033 legittimisque
1044 952 1106 1011 viis
1129 954 1164 1011 et
1185 948 1305 1024 modis,

152 1048 276 1109 vocatis
297 1047 388 1130 prius
403 1048 444 1109 ad
466 1044 527 1109 hoc
541 1046 583 1109 de
600 1046 676 1129 jure
691 1045 853 1122 vocandis,
868 1047 908 1108 de
924 1047 1097 1129 praemissis
1118 1042 1304 1108 defectibus

154 1150 190 1206 et
211 1144 328 1220 ruinis,
350 1150 386 1205 et
407 1143 588 1226 praesertim
603 1143 644 1205 ad
667 1162 765 1226 quem
780 1142 832 1204 vel
847 1144 888 1204 ad
911 1163 992 1225 quos
1007 1141 1195 1225 hujusmodi
1209 1159 1304 1222 repa-

151 1239 248 1316 racio,
263 1241 476 1317 construccio,
497 1238 644 1318 refectio,
668 1240 736 1301 sive
759 1239 947 1301 emendacio
962 1240 1105 1302 debeant
1127 1237 1302 1321 pertinere,

152 1332 427 1420 pertin(u)erunt‚
449 1341 484 1398 et
506 1337 675 1418 pertinent
688 1336 724 1397 iri
738 1337 902 1417 praesenti,
922 1336 1016 1418 cujus
1032 1334 1083 1397 vel
1098 1353 1236 1417 quorum
1249 1334 1303 1394 in·

151 1433 243 1494 curia
271 1433 468 1510 acciderunt,
495 1433 630 1516 aliisque
660 1431 808 1495 articulis
834 1437 870 1494 et
893 1433 1147 1495 circumstanciis
1176 1431 1211 1490 in
1240 1425 1303 1490 hac

152 1533 244 1611 parte
270 1527 468 1608 necessariis,
491 1529 532 1591 de
552 1528 629 1612 jure
651 1529 782 1607 debitis,
797 1534 832 1591 et
847 1530 1022 1607 consuetis,
1045 1547 1170 1591 necnon
1193 1527 1303 1608 ipsum

152 1623 205 1687 vel
219 1625 305 1707 ipsos
319 1645 417 1707 quem
431 1625 483 1687 vel
505 1646 585 1708 quos
608 1645 665 1708 per
686 1623 875 1709 hujusmodi
897 1626 1147 1707 inquisicionem
1169 1643 1227 1705 per
1247 1641 1304 1683 vos

152 1721 199 1783 sic
214 1719 355 1783 fiendam
369 1721 411 1784 ad
432 1719 620 1805 hujusmodi
641 1722 867 1804 reparacionis,
889 1722 1087 1798 refeocionis,
1111 1720 1177 1781 sive
1193 1737 1306 1780 emen·

152 1817 296 1880 ducionis
325 1837 423 1880 onera
450 1816 636 1881 faciendum
665 1818 784 1895 teneri,
813 1817 960 1901 obligari,
990 1821 1025 1878 et
1051 1816 1202 1879 obnoxios
1233 1834 1305 1875 esse

152 1912 354 1991 inveneritis,
379 1918 414 1976 et
441 1934 580 1997 quorum
610 1907 716 1997 culpa,
743 1913 956 1997 necligenoia,
987 1919 1022 1975 et
1051 1912 1185 1986 incuria,
1216 1909 1305 1971 dicta

151 2010 248 2072 ruina
263 2011 307 2072 sit
321 2017 451 2073 causata
466 2016 501 2074 et
514 2011 679 2089 acciderit,
694 2031 752 2093 per
767 2011 988 2093 suspencionis
1004 2016 1038 2071 et
1047 2007 1305 2071 excommunica·

151 2106 253 2169 cionis
277 2108 468 2184 sentencias,
484 2107 626 2190 aliasque
641 2127 793 2169 censuras
808 2108 987 2183 canonicas,
1010 2125 1135 2167 necnon
1157 2124 1215 2185 per
1230 2102 1305 2163 uni-

153 2221 318 2264 versorum
342 2222 472 2264 suorum
493 2201 672 2280 fructuum,
694 2220 816 2280 rerum,
838 2208 874 2265 et
895 2203 1052 2265 bonorum
1074 2200 1159 2262 inira
1180 2198 1304 2260 dictam

153 2303 297 2359 nostram
312 2297 476 2359 dioecesim
492 2296 690 2379 ubicumque
713 2299 928 2361 existencium
952 2304 1056 2361 artam
1073 2295 1304 2379 sequestracio-

152 2411 240 2468 nem,
249 2391 290 2453 ad
304 2393 555 2473 reparacionem,
571 2394 858 2471 construocionem,
871 2400 906 2455 et
921 2395 1185 2456 emendacionem
1199 2391 1303 2452 ruinae

153 2496 190 2549 et
209 2485 398 2548 defectuum
420 2487 565 2569 praedict.
585 2487 783 2565 faciendum,
800 2488 1017 2551 effectualiter
1032 2486 1305 2570 compellandum,

153 2581 376 2658 coartandum,
402 2587 437 2643 et
461 2583 762 2665 constringendum,
788 2588 967 2667 caeteraque
994 2586 1102 2645 omnia
1124 2591 1158 2646 et
1177 2581 1306 2664 singula

152 2674 350 2753 faciendum,
365 2677 592 2755 exercendum,
607 2679 843 2759 exequendum,
867 2684 902 2740 et
917 2679 1165 2760 expediendum,
1181 2698 1253 2760 quae
1269 2679 1305 2738 in

153 2773 329 2855 premissis
358 2776 393 2834 et
422 2773 507 2834 circa
536 2792 575 2834 ea
602 2773 782 2835 necessaria
810 2773 945 2851 fuerint,
977 2794 1034 2835 seu
1063 2773 1308 2854 quomodolibet

154 2873 324 2950 oportuna,
341 2868 431 2931 vobis
446 2867 648 2952 conjunctim
669 2873 704 2930 et
725 2868 867 2947 divisim,
883 2870 923 2932 de
939 2888 1077 2951 quorum
1092 2867 1308 2929 fidelitatibus

153 2969 188 3027 et
209 2965 539 3048 circumspeccionum
562 2965 732 3027 industriis
756 2965 934 3048 plurimum
953 2963 1156 3039 confidimus,
1172 2961 1305 3043 plenam

153 3061 190 3123 in
211 3061 352 3124 Domino
367 3063 604 3125 committimus
624 3066 833 3145 potestatem.
878 3063 954 3125 Dat.
977 3062 1013 3123 in
1035 3058 1180 3142 hospicio
1195 3064 1306 3120 nostro

153 3176 251 3240 prope
282 3157 618 3237 westmonasterium,
657 3157 875 3222 sextodecimo
911 3159 965 3222 die
994 3157 1116 3220 mensis
1146 3155 1306 3231 Januarii,

154 3253 250 3316 Anno
264 3254 396 3317 Domini
418 3256 596 3319 Millesimo
610 3255 779 3334 ccccmlm,
795 3261 830 3319 et
844 3261 963 3319 nostrae
980 3253 1205 3319 translacionis
1220 3271 1306 3315 anno

154 3351 307 3412 vicesimo
323 3358 424 3415 sexto.

291 3604 482 3659 REGISTER
506 3604 555 3659 OF
579 3605 666 3659 ABP.
693 3607 739 3660 W.
764 3607 899 3662 BOOTH.
935 3622 990 3662 Ab.
1011 3607 1178 3662 1452-1464.

223 3735 391 3798 Universis
414 3740 532 3797 sanctae
550 3737 664 3798 matris
680 3737 833 3799 Ecclesiae
850 3737 927 3801 filiis
942 3745 1117 3821 praesentes
1132 3738 1243 3801 literas
1258 3738 1309 3799 in-

38 3862 92 3908 mo,
156 3831 325 3915 specturis‚
340 3830 535 3908 Willelmus,
552 3837 614 3893 eto.
638 3832 778 3896 salutem
792 3834 827 3895 in
844 3854 881 3896 eo
896 3856 953 3918 per
975 3855 1073 3917 quem
1098 3837 1142 3897 sit
1163 3836 1311 3897 remissio

50 3923 72 3967 ⁴·
112 4003 118 4015 .
156 3933 370 4011 peccatorum.
416 3928 553 3989 AEtemo
576 3929 736 4010 siquidem
759 3931 848 3993 Patri
870 3939 1041 4015 acceptum
1064 3932 1132 3994 fore
1148 3932 1310 3994 credimus

38 4003 133 4108 Ψ
154 4031 253 4106 atque
268 4030 397 4107 gratum
415 4023 577 4104 templum
592 4024 724 4087 Domini
739 4025 809 4088 Deo
824 4032 859 4089 et
873 4028 1024 4091 omuibus
1040 4028 1168 4091 Sanctis
1183 4028 1253 4111 ejus
1268 4028 1310 4090 ad

38 4121 58 4192 ἐ

155 4119 267 4182 Divini
292 4119 400 4181 cultus
426 4125 642 4202 augmentum
665 4128 900 4201 consecratum,
927 4126 962 4187 in
989 4145 1054 4207 quo
1078 4125 1183 4186 oracio
1205 4123 1310 4185 fertur

38 4197 102 4320 &a
154 4215 312 4292 fidelium,
327 4213 434 4277 hostia
458 4216 608 4278 salutaris
623 4238 680 4300 pro
695 4220 778 4281 vivis
794 4226 830 4282 et
851 4220 1014 4283 defunctis
1037 4226 1254 4296 consecratur,
1273 4224 1310 4281 et

38 4315 77 4349 '⁸’
153 4313 345 4395 impetratur
356 4312 451 4373 venia
461 4313 586 4393 placato
595 4313 735 4378 Domino
745 4315 786 4377 de
796 4317 947 4398 peccatis,
958 4322 1154 4394 construere,
1164 4315 1307 4391 reficere,

153 4411 188 4469 et
201 4426 359 4488 reparare.
