2992 5010
241 323 414 376 narniens
438 321 537 374 raon
562 322 659 374 roan
684 322 895 389 nnarsrnas;
922 323 1085 376 sunum.
1339 307 1410 381 135

87 511 156 571 noe,
171 498 391 575 procuratores
415 511 489 554 suos
503 490 679 553 literatorie
703 495 738 552 et
761 490 957 553 sufficienter
978 494 1184 571 constitutos,
1199 513 1237 555 ac
1260 502 1406 550 nerunt

86 590 241 671 praedicto
265 590 402 671 Gydone
424 594 464 651 ut
485 587 656 670 praefertur
677 589 717 649 ad
740 586 927 670 hujusmodi
950 595 1060 652 actum
1086 590 1235 674 legitime
1260 564 1404 668 3ξὲἓῖξῇ

87 685 188 746 citato
203 690 238 747 et
252 686 458 767 praemunito,
474 690 571 766 prout
584 704 643 765 per
664 684 929 746 certificatorium
951 686 1029 748 iude
1051 685 1235 748 confectum
1260 682 1403 728 tumacroua

86 785 122 842 et
141 780 265 842 ibidem
287 779 418 862 puplice
436 785 604 841 ostensum
628 783 662 841 et
685 776 868 841 exhibitum
891 780 1014 863 liquere
1036 787 1146 863 potest
1169 783 1236 844 evi·

86 875 213 952 denter,
237 876 458 957 praeconizato,
482 876 611 937 diucius
640 880 820 957 expectato,
851 880 886 937 et
910 876 1002 938 nullo
1026 877 1122 939 modo
1146 898 1234 939 com-

86 976 232 1052 parente,
254 976 444 1033 contumace
466 975 563 1052 pront
578 974 646 1032 erat
668 976 828 1052 quantum
850 971 891 1033 ad
914 978 1024 1033 actum
1046 972 1235 1054 hujusmodi

86 1072 246 1148 reputato,
263 1064 375 1129 habito
392 1087 489 1149 super
510 1067 685 1148 praemissis
710 1067 798 1127 inter
819 1086 877 1128 nos
893 1087 1005 1130 omnes
1020 1068 1143 1131 ibidem
1158 1089 1235 1131 con-

86 1167 238 1246 gregatos
254 1163 405 1245 diligenti
421 1168 564 1226 tractatu
580 1163 637 1245 qui
652 1162 829 1244 requiritur
844 1164 878 1224 in
895 1161 955 1226 hoc
970 1185 1056 1227 casu.

155 1259 252 1337 ‘N0s,
268 1257 455 1341 Capitulum
475 1257 619 1320 ecclesiae
641 1257 758 1340 Ripon’
783 1260 986 1340 praedictnm,
1012 1264 1142 1342 propter
1167 1261 1235 1323 evi-
1258 1267 1398 1336 Thernr

86 1355 218 1417 dentem
234 1355 413 1417 utilitatem
429 1356 532 1437 ipsius
547 1354 701 1432 ecclesiae,
717 1359 752 1416 et
766 1355 927 1417 dictorum
942 1355 1234 1437 praebendan'orum
1258 1329 1386 1432 {fissfflffi

85 1451 291 1512 commodum
307 1455 341 1512 et
355 1453 512 1532 quietem,
524 1451 565 1512 de
576 1450 742 1512 voluntate
759 1455 794 1512 et
804 1471 963 1513 consensu
974 1452 1235 1514 reverendissimi
1257 1444 1372 1550 {3⁸⁵ae

85 1547 121 1607 iu
145 1544 273 1609 Christo
302 1548 403 1629 patris
426 1551 461 1608 et
487 1547 622 1624 domini,
648 1547 771 1609 domini
796 1547 982 1626 Alexandri,
1011 1550 1235 1630 permissione,
1259 1518 1393 1611 monciaco.

86 1645 148 1703 etc.
179 1662 215 1702 aa
246 1644 392 1704 omnium
418 1647 566 1704 nostrum
603 1647 638 1704 et
674 1643 821 1703 omnium
851 1642 986 1704 aliorum
1016 1664 1153 1725 qnorum
1183 1645 1235 1706 in·
1261 1621 1330 1681 (δυ’)

85 1741 188 1799 terest
203 1738 237 1799 in
253 1736 314 1799 hac
328 1743 431 1820 parte,
446 1743 661 1820 praeterquam
676 1739 779 1820 ipsius
794 1739 918 1800 domini
936 1739 1084 1821 Gydonis
1102 1745 1140 1802 ut
1154 1761 1236 1823 prae·

85 1830 189 1894 fertur
211 1835 420 1912 contumacis,
441 1835 497 1916 qui
517 1855 537 1896 a
554 1834 702 1895 firmariis
725 1834 791 1895 suis
814 1833 931 1916 quibus
953 1832 1141 1918 hujusmodi
1163 1856 1236 1918 par·

87 1928 203 1989 cellam
218 1950 252 1991 se
264 1936 299 1991 et
309 1930 515 2011 praebendam
525 1950 615 1991 suam
624 1930 870 2012 contingentem
881 1930 921 1992 ad
933 1929 1059 1993 firmam
1068 1931 1235 1993 dimittere

86 2027 266 2103 consuevit,
290 2026 376 2087 ultra
405 2027 575 2088 dimidiam
600 2044 742 2086 marcam
771 2026 900 2109 argenti
930 2046 994 2088 non
1024 2027 1148 2109 recepit
1176 2047 1236 2089 nec

86 2118 204 2183 habere
219 2123 339 2203 potuit,
349 2143 461 2184 omnes
470 2127 505 2184 et
515 2121 657 2204 singulas
667 2122 832 2203 porciones
843 2142 900 2183 seu
908 2121 1063 2203 percellas
1074 2123 1236 2184 dictarum

86 2216 297 2296 deeimarum,
312 2217 494 2300 garbarum,
511 2223 545 2279 et
560 2217 651 2294 foeni,
666 2218 858 2278 communiae
877 2217 974 2280 dictas
997 2217 1140 2280 ecclesiae
1162 2238 1237 2280 nos·

85 2317 144 2374 trae
161 2312 287 2395 Ripon',
303 2314 451 2375 invocata
467 2314 578 2376 Sancti
602 2312 742 2393 Spiritus
764 2313 882 2396 gracia,
904 2313 1104 2396 applicamus
1128 2317 1163 2375 et
1184 2333 1236 2375 as-

86 2410 263 2492 signamus,
279 2416 313 2472 et
329 2411 414 2491 ipsas
432 2410 467 2470 in
483 2429 561 2471 usus
577 2415 611 2471 et
627 2408 805 2471 utilitatem
815 2408 1112 2472 dictaecornmuniae
1124 2409 1236 2472 cedere

85 2502 235 2566 volumus
256 2506 424 2587 perpetuis
445 2504 646 2587 temporibus
666 2506 701 2566 in
721 2502 883 2582 futurum,
909 2525 985 2567 cnm
1009 2506 1160 2568 omnibus
1186 2507 1237 2568 in-

85 2599 272 2682 trascriptis.

152 2695 367 2758 ‘Ordinamus
377 2698 520 2779 insuper,
531 2697 690 2774 volumus,
701 2701 735 2758 et
746 2696 947 2758 deseruimus
957 2693 1037 2782 (soc)
1046 2698 1132 2779 quod
1141 2698 1236 2760 dictae
1261 2704 1400 2775 eommun-

85 2790 227 2854 eoclesiae
253 2792 373 2854 fabrica
398 2793 478 2855 duos
506 2792 621 2855 solidos
645 2794 771 2876 argenti
795 2812 853 2873 pro
875 2793 1068 2874 quibusdam
1089 2793 1237 2876 percellis
1261 2763 1407 2869 {infifffffi

85 2889 207 2949 vocatis
216 2886 330 2950 Aram
341 2888 382 2950 de
392 2889 557 2972 Depigill,¹
570 2888 806 2970 praebendarius
818 2888 997 2969 praebendae
1006 2889 1047 2950 de
1057 2887 1237 2952 Monketon
1261 2882 1396 2987 &mm

85 2984 199 3046 decem
211 2984 307 3046 libras
320 2987 458 3070 argenti,
468 2985 708 3068 praebendarius
717 2985 896 3067 praebendae
905 2986 947 3047 de
957 2985 1110 3068 Stodelay
1118 2987 1237 3070 viginti

87 3079 203 3141 solidos
240 3083 380 3163 argenti,
409 3082 650 3162 praebendarius
679 3079 859 3162 praebendae
889 3079 930 3140 de
961 3079 1152 3161 Gyuendale
1183 3100 1238 3142 sex

86 3174 204 3236 solidos
228 3182 263 3238 et
286 3181 359 3238 octo
383 3177 542 3254 denarios,
565 3175 804 3259 praebendarius
826 3173 1005 3256 praehendae
1028 3174 1069 3236 de
1092 3174 1238 3257 Nonwyk

86 3291 141 3332 sex
156 3271 272 3333 solidos
288 3279 322 3334 et
332 3277 404 3334 octo
415 3273 572 3348 denarios,
582 3270 820 3353 praebendarius
831 3268 1010 3351 praebendae
1021 3269 1061 3331 de
1075 3268 1238 3333 Sharrowe

86 3387 142 3427 sex
166 3368 281 3429 solidos
298 3372 332 3429 et
346 3373 418 3429 octo
441 3368 600 3444 denarios,
619 3365 859 3449 praebendarius
879 3363 1059 3445 praebendae
1075 3365 1115 3427 de
1130 3363 1238 3449 Thorp

87 3483 142 3524 sex
159 3463 276 3525 solidos
292 3469 326 3526 et
341 3469 413 3526 octo
435 3465 593 3541 denarios,
612 3463 763 3544 quisunt
785 3468 820 3523 et
842 3464 939 3522 erunt
954 3481 1146 3524 suscessores
1164 3460 1235 3545 (sic)

86 3561 272 3642 quicunque
295 3561 455 3623 dictarum
477 3560 722 3643 praebendarum
744 3558 957 3642 praebendarii
980 3558 1020 3620 de
1043 3559 1130 3621 dicta
1153 3580 1239 3622 com-

87 3657 201 3716 munia
223 3664 332 3719 nostra
350 3677 369 3718 a
388 3657 471 3719 festo
491 3657 763 3718 Annunciacionis
787 3655 896 3716 Beatae
916 3654 1027 3716 Mariae
1042 3654 1188 3739 Virginis
1206 3660 1239 3718 et

88 3751 279 3814 Natiuitatis
305 3753 416 3815 Sancti
446 3751 607 3816 Johannis
638 3753 793 3834 Baptistae
823 3771 882 3833 per
911 3750 1050 3832 aequales
1073 3751 1238 3832 porciones

86 3849 252 3927 perpetuis
277 3847 395 3910 futuris
422 3848 622 3930 temporibus
643 3849 826 3930 percipient
848 3847 1030 3923 annuatim,
1054 3847 1089 3908 in
1115 3867 1238 3910 recom-

87 3944 314 4022 pensacionem
341 3964 398 4024 pro
423 3943 628 4026 porcionibus
654 3964 711 4006 seu
735 3942 882 4025 porcellis
905 3941 1131 4024 praedictarum
1153 3943 1240 4005 deci-

88 4058 216 4099 marum
232 4059 312 4120 quas
326 4040 388 4120 ipsi
407 4040 603 4121 reciperent
618 4038 788 4120 praefertur
810 4042 1046 4100 consueverunt
1061 4042 1096 4099 et
1110 4035 1239 4100 habere.

155 4134 211 4194 ‘In
220 4154 356 4216 qnorum
367 4137 513 4197 omnium
523 4136 748 4197 testimonium
759 4134 904 4218 sigillum
914 4137 1060 4195 nostrum
1070 4152 1240 4196 commune

87 4230 303 4312 praesentibus
318 4231 470 4293 duximus
479 4231 717 4314 apponendum.
763 4231 839 4292 Dat.
850 4227 976 4311 Ripon’,
985 4230 1020 4289 in
1028 4228 1124 4291 domo
1133 4235 1241 4293 nostra

88 4363 188 4494 fb(¹1)
208 4364 265 4495 lillis
284 4371 383 4419 assarta
401 4383 432 4419 or
450 4364 600 4421 cultivated
619 4365 698 4420 lands
715 4365 748 4419 of
766 4363 891 4436 Deepgill
908 4381 954 4418 are
973 4364 1128 4420 mentioned
1146 4364 1174 4419 in
1193 4365 1241 4420 the

100 4459 115 4494 a
135 4459 216 4495 ric-ro
238 4460 258 4496 s.
