2992 5010
631 316 839 369 nnuomsts
865 316 909 368 OF
935 316 1055 369 lusori.

273 483 404 552 osores
428 484 466 569 os
488 430 617 571 Ripon,
640 480 756 547 based
779 480 820 566 hy
843 480 936 547 John
960 482 1076 548 XXII.
1122 483 1240 566 Ripon,
1263 481 1342 565 July
1365 485 1420 559 22,

276 585 372 646 1328.

97 694 140 755 (ss
150 697 185 750 s.)
338 673 501 741 Eascucio
511 672 725 761 provisionis
745 672 905 756 naphta
919 672 1056 740 Roberti
1070 673 1111 740 de
1125 671 1393 773 Bridelinptoo
1379 694 1421 736 ιη

274 769 407 837 eeclesia
421 772 566 859 Rypou’.
610 772 728 854 Ripon,
743 773 786 835 26
802 770 893 855 July,
910 773 1007 835 1328
1010 770 1019 811 ¹

98 964 172 1027 (ιιι)
341 940 537 1019 Willelmus,
550 940 773 1050 permissione,
788 941 850 1003 etc.
864 939 1129 1004 venerabilibus
1118 960 1154 1003 ιιι
1170 939 1297 1005 Christo
1311 939 1421 1002 frani-

97 1025 206 1143 533¹„
162 1020 227 1069 Μ
273 1035 336 1101 bus
355 1038 419 1099 Dei
440 1036 549 1120 gracia
572 1035 768 1118 coepiscopis
791 1035 921 1113 nostris,
937 1040 972 1098 et
993 1036 1151 1099 dilectis
1141 1057 1177 1099 ιιι
1193 1035 1320 1101 Christo
1344 1035 1421 1097 filiis

98 1162 251 1225 ΜΨ,
277 1132 407 1196 Decano
422 1137 457 1195 et
471 1131 615 1214 capitulo
629 1131 772 1193 ecclesias
786 1135 903 1193 nostrae
912 1130 1007 1194 Beati
1015 1133 1106 1195 Petu
1114 1132 1209 1196 Ebor.
1212 1131 1421 1211 ,Abbatibus,

97 1236 206 1269 „mn
274 1227 450 1306 Prioribus,
461 1223 870 1311 Collegus,Arch1drucoms
886 1231 921 1289 et
936 1247 1046 1290 eorum
1056 1227 1422 1307 Officialibus,Decanis,

95 1294 218 1387 ms„
277 1323 486 1387 ecclesiarum
510 1322 713 1400 sectoribus,
737 1320 885 1401 Vicariis,
909 1321 1090 1405 Capellauis
1119 1322 1365 1406 parochialibus,
1388 1327 1424 1384 et

99 1395 221 1503 aaa&
275 1418 382 1482 aliis
372 1438 409 1479 sn
433 1415 564 1500 capellis
589 1417 701 1479 divina
727 1416 977 1497 celebrantibus,
1003 1438 1130 1481 necnon
1158 1419 1232 1482 aliis
1262 1418 1423 1481 universis

275 1513 482 1577 ecclesiarum
493 1512 634 1594 praelatis
648 1532 706 1596 per
714 1512 810 1575 Ebot
820 1512 985 1576 dioecesim
1001 1519 1035 1576 et
1043 1535 1252 1597 provinciam
1264 1513 1423 1593 exemptis

276 1613 311 1674 et
333 1629 399 1671 nou
423 1609 592 1690 exemptis,
615 1608 816 1686 constitutis,
841 1608 1011 1672 salutem
1002 1628 1037 1670 1n
1064 1611 1194 1672 sinceris
1222 1608 1424 1717 amplexibus

276 1704 460 1768 Salvatcris.
506 1702 696 1769 Oaelestibus
719 1702 844 1767 civibus
865 1708 995 1787 gratum
1017 1704 1084 1768 fore
1106 1706 1309 1768 attendimus
1331 1704 1423 1785 quic·

274 1800 355 1883 quid
383 1800 419 1861 in
448 1797 604 1862 honorem
632 1803 816 1862 sanctorum
845 1798 1037 1877 concivium,
1058 1800 1095 1862 in
1120 1801 1240 1882 quibus
1268 1800 1423 1884 glorietur

275 1895 475 1972 Altissimus,
489 1894 605 1979 graciae
619 1893 839 1976 impendimus
853 1898 888 1957 et
903 1892 1031 1975 favoris,
1046 1896 1132 1977 quod
1143 1891 1332 1978 praes'ertim,
1342 1894 1421 1955 dum

275 1991 347 2053 loca
374 1988 571 2053 venerabilia
600 1989 719 2074 quibus
749 2008 845 2053 sacrse
877 1988 1022 2072 ipsorum
1058 1991 1242 2054 conduntur
1277 1989 1422 2071 reliquiae

276 2085 500 2169 spiritualibus
523 2084 725 2148 munusculis
746 2086 971 2169 prosequimur
993 2087 1171 2170 accepoius,
1186 2086 1347 2149 credimus
1368 2104 1423 2146 ex-

276 2201 411 2245 cercere.
457 2180 541 2245 cum
569 2180 681 2263 itaque
710 2178 823 2243 dilecti
851 2181 888 2242 in
918 2178 1045 2244 Christo
1081 2181 1142 2243 filii
1175 2179 1356 2263 capitulum
1390 2184 1424 2241 et

277 2277 422 2338 canonici
445 2273 562 2357 Ripon'
576 2275 745 2338 ecclesiam
766 2294 859 2338 suam
880 2276 917 2337 in
937 2272 1059 2339 honore
1074 2275 1169 2338 Beati
1184 2275 1327 2338 Wilfridi
1343 2274 1425 2338 Con-

275 2368 402 2433 fessoris
418 2374 649 2448 constructam,
663 2369 704 2431 ad
720 2370 868 2433 decorem
883 2369 999 2433 domus
1014 2370 1147 2433 Domini
1161 2390 1257 2453 opere
1278 2389 1425 2451 reparare

277 2466 460 2547 inceperint
493 2468 693 2546 sumptuoso,
722 2484 760 2526 ac
788 2464 830 2527 ad
862 2466 1176 2528 consummacionem
1209 2465 1289 2528 dicti
1319 2466 1425 2545 operis

276 2560 412 2645 propriae
427 2579 493 2621 non
510 2562 687 2641 suppetant
699 2556 884 2637 facultates,
900 2558 1110 2622 devocionem
1124 2564 1265 2622 vestram
1280 2557 1425 2622 studiose

275 2656 471 2739 requirimus
496 2654 588 2716 etin
614 2653 755 2717 Domino
780 2654 943 2716 attencius
965 2651 1182 2732 exhortamur,
1205 2654 1295 2718 vobis
1317 2655 1352 2716 in
1374 2673 1425 2715 re·

278 2752 467 2815 missionem
482 2753 688 2833 peccatorum
702 2746 933 2812 nichilominus
947 2747 1169 2834 injungentes,
1180 2750 1334 2832 quatinus
1349 2769 1424 2810 cum

278 2846 429 2911 domiuus
455 2842 621 2908 Johannes
645 2842 686 2906 de
709 2843 856 2928 Fitlyng,
878 2843 1076 2926 capellanus,
1097 2845 1150 2907 vel
1172 2844 1320 2927 ejusdem
1347 2844 1423 2906 sub-

188 2940 427 3021 g⁰fstitutus,
457 2939 479 3003 J
480 2937 623 3002 ohannes
653 2939 694 3001 de
727 2938 867 3021 Lumby,
895 2939 1042 3017 clericus,
1070 2945 1255 3022 procurator
1282 2939 1424 3020 praefatae

217 3037 434 3114 necclesiae,
449 3035 503 3098 vel
517 3035 574 3097 alii
594 3034 707 3098 nuncii
722 3035 803 3098 dicti
825 3033 951 3098 domiui
970 3034 992 3099 J
993 3032 1128 3099 ohannis
1146 3055 1222 3098 cum
1237 3034 1300 3098 hiis
1320 3035 1425 3098 literis

142 3118 398 3267 c⁰0f¹¹1¹nostris
424 3132 465 3194 ad
492 3151 548 3194 vos
574 3131 724 3194 venerint
753 3116 987 3213 pro'fidelium
1017 3131 1199 3194 elemosinis
1225 3131 1427 3216 colligendis,

282 3231 369 3312 ipsos
391 3228 426 3289 in
450 3227 602 3308 proximis
622 3225 773 3308 capitulis
787 3227 903 3290 vestris
924 3226 1133 3306 celebrandis,
1148 3226 1261 3290 statim
1282 3231 1356 3309 post
1377 3229 1428 3288 in-

105 3236 180 3385 ιοῖΞιῨ
283 3325 482 3406 speccionem
498 3323 721 3405 praesencium,
736 3342 801 3404 prae
821 3323 972 3387 omnibus
994 3324 1067 3387 aliis
1088 3324 1232 3408 negociis
1253 3323 1429 3387 consimili·

280 3420 353 3497 bus,
366 3422 500 3498 excepto
514 3416 647 3500 negocio
658 3414 787 3479 fabrico
796 3417 937 3481 ecclesia
948 3418 1043 3481 Beati
1053 3420 1145 3482 Petri
1155 3420 1261 3497 Ebor,
1272 3419 1429 3483 benevole

282 3515 466 3576 admittatis
483 3532 593 3573 eorum
616 3513 789 3593 negocium
803 3514 840 3575 in
854 3513 998 3577 ecclesiis
1011 3516 1127 3577 vestris
1142 3520 1178 3577 et
1192 3515 1324 3597 capellis
1338 3515 1429 3577 vohis

285 3609 433 3683 subditis,
449 3606 564 3668 diebus
580 3607 758 3668 Dominicis
774 3612 808 3669 et
822 3606 949 3671 festivis
964 3608 1048 3671 infra
1063 3611 1234 3671 missarum
1249 3611 1428 3693 solempnia

282 3701 483 3784 parochianis
507 3705 541 3762 et
563 3700 699 3764 subditis
715 3703 829 3764 vestris
844 3703 950 3779 verbo,
966 3723 1060 3784 opere
1083 3705 1204 3786 pariter
1226 3709 1260 3766 et
1282 3706 1429 3787 exemplo

285 3798 457 3861 efficaciter
479 3801 704 3877 promoventes
725 3817 763 3859 ac
786 3798 888 3860 eciam
904 3805 1123 3880 exponentes3
1146 3804 1181 3862 et
1195 3800 1350 3883 quicquid
1365 3801 1430 3863 col-

284 3895 406 3955 lectum
430 3890 530 3953 fuerit
551 3893 682 3955 nomine
707 3893 800 3956 desse
823 3893 976 3972 ecclesiae,
990 3900 1060 3956 tam
1083 3915 1141 3977 per
1162 3915 1230 3973 vos,
1251 3916 1350 3978 quam
1373 3916 1432 3978 per

285 3987 388 4049 dictos
412 3992 642 4068 procuratores,
670 4008 726 4050 seu
752 3989 897 4068 nuncios,
923 3988 1064 4072 praefatis
1090 3991 1348 4072 procuratoribus
1375 4012 1433 4055 seu

286 4083 415 4144 nunciis
432 4084 501 4144 sine
517 4082 676 4145 dilacione
699 4088 758 4146 aut
780 4085 964 4147 reteuoione
980 4087 1031 4149 vel
1046 4086 1266 4150 diminucione
1288 4088 1433 4170 aliquali,

286 4178 433 4238 liberetis
450 4197 507 4239 seu
523 4178 653 4239 liberari
668 4179 804 4242 faciatis.
849 4181 916 4243 Nos
931 4186 1043 4245 autem
1058 4182 1098 4244 de
1115 4182 1177 4244 Dei
1192 4182 1434 4265 Omnipoteutis

287 4274 505 4337 misericordia
528 4286 562 4335 et
584 4274 730 4356 gloriosas
745 4275 891 4360 Virginis
907 4277 1019 4341 Mariae
1034 4279 1148 4340 matris
1164 4298 1240 4356 suae,
1255 4277 1432 4342 Beatorum

530 4400 572 4470 (1)
590 4400 662 4455 Both
675 4401 751 4457 these
763 4418 809 4457 are
820 4419 886 4474 very
897 4404 1013 4475 lengthy
1024 4404 1190 4460 documenta.
