2992 5010
625 317 835 373 Maronitis
861 320 906 371 OF
932 320 1051 372 RIPON.

265 490 300 552 id
315 489 450 551 minime
466 487 570 552 facere
586 488 742 566 debeatis,
757 487 849 550 nobis
871 487 956 550 infra
979 488 1126 550 triduum
1141 485 1213 571 (vos
1229 485 1413 570 volumus)l

268 585 442 667 assignare.
496 584 621 648 Valete.
667 584 742 646 Dat.
766 584 853 666 apud
878 583 1074 661 Munketou‚
1094 605 1114 646 v
1135 585 1188 646 die
1211 583 1415 660 Novembris,

163 688 164 692 ’
267 680 475 762 pontificatus
500 682 604 744 nostri
618 699 703 743 anno
718 685 842 762 quarto.

95 880 168 942 (4⁰⁸)

336 861 614 939 Willelmus,etc.,
626 859 755 923 dilectis
766 859 840 920 filiis
850 859 993 940 capitulo
1004 858 1147 921 ecclesiae
1155 862 1273 920 nostrae
1283 857 1420 940 Rypon’,

31 1020 37 1029 .
95 952 207 1045 3⁰23,st
272 958 422 1036 salutem,
438 959 590 1042 graciam,
613 961 649 1018 et
663 956 935 1019 benediccionem.
981 953 1062 1017 Oum
1077 975 1189 1017 omnes
1203 955 1420 1038 infringentes

96 1055 202 1104 F0b·²⁰·
272 1055 440 1117 libertates
463 1053 704 1128 ecclesiasticas,
719 1056 752 1113 et
768 1052 928 1133 praecipue
949 1049 1114 1112 libertates
1138 1051 1279 1112 ecclesiae
1302 1055 1420 1111 nostras

95 1139 238 1245 fflx*
273 1149 409 1232 Rypon’,
434 1149 590 1211 dedicatae
613 1148 649 1209 in
674 1148 882 1209 veneracione
907 1147 1102 1208 sanctissimi
1125 1145 1313 1208 confessoris
1337 1144 1420 1206 Wil-

182 1255 208 1300 s·
273 1245 362 1322 iridi,
377 1243 471 1327 cujus
485 1243 649 1306 recolendi
672 1243 810 1324 corporis
832 1242 976 1323 reliquiae
992 1242 1218 1304 venerabiliter
1237 1242 1421 1304 conduntur

151 1328 224 1416 Ἥ
273 1343 310 1404 in
332 1340 412 1422 ipsa,
438 1340 630 1402 auctoritate
654 1337 928 1400 constitutionum
951 1336 1122 1399 Ottobonis
1137 1338 1239 1421 legati
1262 1342 1297 1399 et
1319 1358 1422 1398 sacro-

210 1429 215 1441 ’
276 1440 395 1500 sanctae
421 1435 536 1516 synodi
559 1439 677 1496 uostrae
701 1432 796 1495 Ebor.
823 1432 955 1515 majoris
979 1434 1321 1494 excommunicacionis
1347 1453 1420 1494 sen-

143 1505 155 1534 ⁶
184 1546 237 1592 ἐκ.
275 1532 383 1594 tencia
397 1531 515 1614 ligatos
530 1534 643 1593 teneat
655 1530 726 1611 ipso
740 1528 836 1605 facto,
851 1549 887 1591 ac
907 1549 965 1590 nos
979 1527 1065 1590 foma
1079 1528 1210 1609 publica
1223 1528 1423 1590 intellexeri-

112 1622 141 1711 ’ἶ
191 1620 226 1663 ”’
275 1648 349 1690 mus
371 1626 543 1702 referente,
567 1625 652 1707 quod
675 1625 808 1706 quidam
825 1624 1039 1706 dampnabilis
1061 1625 1254 1706 perdicionis
1269 1624 1339 1701 filii,
1356 1644 1422 1685 suae

275 1723 391 1786 salutis
405 1723 622 1799 immemores,
637 1724 672 1783 et
686 1721 793 1783 Deum
807 1739 873 1802 prae
893 1721 995 1782 oculis
1017 1739 1082 1782 non
1102 1719 1270 1797 habentes,
1285 1740 1422 1802 quorum

275 1819 408 1881 nomina
437 1818 637 1901 ignorantur,
672 1835 806 1898 parcum
843 1821 991 1878 nostrum
1029 1815 1154 1898 Rypon’
1183 1817 1308 1878 notorie
1338 1815 1423 1876 iufra

274 1913 460 1976 libertatem
489 1914 585 1976 dictes
619 1916 737 1974 nostrae
771 1911 897 1993 Rypon'
927 1912 1068 1974 ecclesiae
1097 1913 1290 1975 existentem
1320 1932 1424 1992 nuper

275 2009 420 2094 maligne
436 2010 609 2085 intrantes,
624 2012 659 2069 et
674 2005 890 2084 libertatibus,
905 2007 1095 2092 privilegiis,
1111 2013 1146 2069 et
1159 2008 1423 2070 immunitatibus

275 2124 334 2186 per
363 2105 525 2187 principes
555 2099 747 2178 Catholicos,
773 2121 866 2185 reges
898 2103 1036 2186 Angliae,
1062 2104 1159 2165 dictis
1184 2104 1357 2166 confessori
1386 2125 1423 2164 ac

278 2199 421 2262 ecclesiae
436 2201 489 2281 pie
505 2198 719 2273 concessisse
729 2216 749 2257 a
761 2197 880 2259 sanctis
894 2199 1040 2281 patribus
1051 2198 1206 2262 Romanis
1217 2199 1424 2282 pontificibus

278 2294 484 2372 confirmatis,
499 2293 636 2354 minime
650 2290 844 2369 deferentes,
859 2291 941 2354 feras
957 2293 1076 2355 bestias
1092 2300 1126 2355 et
1140 2294 1218 2356 alias
1234 2315 1284 2356 res
1300 2301 1424 2356 nostras

277 2391 313 2452 in
329 2390 443 2452 eodem
457 2408 551 2469 parco
572 2392 681 2449 nostro
703 2387 853 2448 inventas
875 2392 986 2450 contra
1008 2389 1209 2452 voluntatem
1231 2395 1424 2452 nostramet

277 2505 389 2548 eorum
411 2504 491 2566 quos
513 2502 623 2544 earum
644 2480 798 2544 custodiae
822 2482 1061 2564 deputavimus,
1083 2491 1250 2567 ceperunt,
1276 2485 1424 2547 destrux·

278 2585 386 2658 erunt,
411 2585 445 2641 et
470 2579 659 2641 continuata
689 2597 748 2639 sua
775 2577 906 2640 malicia
934 2579 1148 2659 abduxerunt,
1178 2583 1213 2643 in
1243 2583 1424 2643 animarum

279 2694 410 2739 suarum
424 2675 616 2756 periculum,
631 2672 853 2736 ecclesiasticae
867 2673 1029 2738 libertatis
1050 2676 1284 2758 praejudicium,
1300 2678 1424 2758 Deique

278 2793 316 2834 ac
339 2770 532 2833 sanctissimi
547 2768 735 2831 confessoris
749 2767 873 2850 praefati
889 2773 924 2831 et
937 2772 1049 2850 nostri,
1059 2792 1184 2834 necnon
1199 2773 1295 2834 dictae
1306 2778 1423 2833 nostrra

278 2865 431 2944 ecclesis,
440 2870 665 2947 contemptum
679 2869 714 2927 et
722 2864 944 2948 praejudicium
956 2886 1112 2950 magnum
1123 2887 1284 2951 graveque
1293 2867 1424 2948 dispen-

279 2963 370 3026 dium
386 2968 421 3024 et
437 2962 621 3024 scandalum
640 2960 865 3042 plurimorum,
880 2965 1010 3042 propter
1031 2962 1117 3043 quod
1140 2982 1205 3023 uon
1220 2968 1271 3023 est
1285 2961 1422 3023 dubium

278 3079 390 3121 omues
420 3062 456 3121 et
485 3057 629 3142 singulos
656 3061 901 3138 praesumptores
927 3056 1057 3119 eosdem
1085 3058 1121 3118 in
1147 3057 1268 3118 dictam
1294 3056 1423 3138 majoris

280 3153 623 3216 excommunicacionis
648 3152 847 3215 sentenciam
868 3151 1118 3232 dampnabiliter
1143 3151 1307 3228 incidisse,
1333 3151 1423 3213 vobis

279 3251 485 3328 mundamus,
497 3248 633 3310 firmiter
647 3248 859 3329 injungentes
873 3248 1027 3329 quatinus
1038 3248 1073 3310 in
1084 3249 1172 3310 dicta
1185 3253 1295 3310 nostra
1309 3247 1425 3328 Ripon’

279 3346 425 3416 ecclesia,
440 3344 615 3424 assumptis
634 3343 785 3405 omnibus
800 3342 927 3404 vicariis
950 3347 985 3404 et
1006 3344 1194 3425 presbiteris
1208 3343 1327 3411 Divina
1342 3343 1426 3404 cele-

279 3440 448 3503 brantibus
464 3440 498 3499 iu
515 3438 641 3514 eadem,
657 3436 794 3518 singulis
815 3436 929 3499 diebus
944 3437 1124 3501 Dominicis
1139 3444 1174 3501 et
1188 3438 1324 3517 festivis,
1338 3439 1426 3500 intra

280 3536 453 3596 missarum
470 3531 658 3612 solempnia,
675 3532 805 3611 quaudo
826 3531 928 3613 major
950 3530 1088 3595 adhaerit
1109 3535 1221 3616 populi
1236 3533 1425 3609 multitudo,

282 3629 451 3710 praedictos
478 3627 538 3688 Dei
564 3631 599 3687 et
622 3625 764 3686 ecclesiae
789 3626 996 3704 adversarios,
1019 3648 1195 3710 eorumque
1219 3634 1366 3691 auctores
1391 3634 1426 3691 et

281 3724 440 3785 sanctores
458 3720 613 3803 singulos,
635 3719 808 3782 consilium
829 3720 1027 3782 auxiliumvc
1049 3723 1085 3784 in
1107 3720 1168 3784 hac
1189 3729 1280 3804 parte
1296 3725 1425 3805 publice

281 3818 334 3880 vel
357 3817 483 3880 occulte
504 3815 697 3896 praebentes,
712 3814 876 3896 campanis
898 3814 1034 3896 pulsatis
1055 3822 1090 3879 et
1111 3818 1252 3880 accensis
1274 3819 1426 3897 candelis,

282 3911 575 3975 excommunicatos
610 3911 644 3971 in
675 3928 794 3993 genere
824 3909 1030 3972 denuncietis
1066 3919 1102 3974 et
1138 3912 1264 3976 faciatis
1296 3915 1425 3996 publice

280 4008 438 4084 nuuciari,
454 4026 572 4087 eosque
587 4023 607 4065 a
620 4004 846 4066 communione
868 4005 1014 4067 fidelium
1037 4028 1094 4089 per
1114 4028 1281 4071 censuram
1298 4011 1428 4072 ecclesi·

282 4104 415 4165 asticam
436 4102 562 4163 tamdiu
583 4100 675 4162 reddi
697 4099 830 4178 alienos,
852 4100 954 4163 donec
977 4102 1046 4165 Deo
1068 4110 1102 4166 et
1123 4105 1276 4183 ecclesiae,
1291 4126 1428 4187 quorum

282 4198 523 4259 immunitatem
537 4198 573 4258 in
588 4193 647 4257 hac
668 4200 760 4277 parte
783 4198 1087 4279 contempnabiliter
1102 4200 1317 4278 offenderunt,
1334 4221 1429 4282 super

283 4298 350 4355 tam
379 4291 563 4378 (s)celersto
585 4298 786 4376 transgressu
813 4292 1029 4358 satisfecerint
1058 4301 1299 4379 competentem
1333 4315 1429 4376 super

764 4419 807 4490 (1)
827 4419 984 4475 Intcrlined.
