2992 5010
260 336 434 390 EXTRAOE'S
458 335 558 390 FBOM
582 336 680 390 Your
704 336 919 404 1111618111Βῆ
945 338 1098 393 Mnurou.

98 502 232 565 clericos
247 508 283 565 et
297 502 528 566 ecclesiasticae
542 522 705 587 personas,
720 524 846 566 necnon
861 505 968 583 laicos,
984 506 1104 589 absque
1119 506 1250 572 delectu

98 597 278 682 cujuslibet
293 601 487 663 conditionis
501 620 626 682 cupere,
640 601 848 678 incarcerare,
860 607 895 663 et
910 603 1084 665 crudeliter
1094 608 1250 680 tractare3

97 713 212 776 pacem
238 696 341 758 etiam
364 701 400 758 et
422 696 696 777 tranquillitatem
722 698 809 780 regis
833 702 868 759 et
894 698 974 759 dicti
996 701 1101 782 regni,
1123 720 1249 763 necnon

98 791 347 853 immunitatem
369 797 405 855 et
426 791 612 855 libertatem
628 793 819 855 universalis
842 793 985 855 ecclesiae
1002 794 1199 877 Anglicanae,
1216 800 1251 857 et

99 886 261 968 praecipue
284 887 428 950 ecolesiae
450 893 567 950 nostrae
581 887 718 969 Rypon',
732 893 890 970 tanquam
907 888 1049 951 latrones
1070 889 1193 971 publici
1215 895 1250 952 et

99 981 346 1063 depopulatores
368 1002 530 1066 agrorum,
551 983 666 1064 praedis
687 985 897 1066 gravissimis,
923 982 1118 1062 homicidiis,
1139 986 1250 1047 incen-

99 1076 161 1138 diis
175 1077 326 1158 publicis,
342 1076 518 1161 hostilique
532 1079 716 1141 incursione
730 1078 957 1160 multipliciter
971 1080 1171 1160 perturbare,
1187 1081 1249 1143 Dei

99 1173 217 1235 timore
246 1175 425 1255 postposito
448 1194 514 1236 non
544 1173 759 1236 formidamus
788 1171 945 1236 hactenus
974 1194 1034 1237 nec
1064 1173 1249 1255 formidant,

98 1267 180 1350 quin
191 1268 293 1330 immo
301 1269 341 1331 de
349 1269 548 1352 gravioribus
559 1270 664 1331 indies
674 1270 897 1351 perpetrandis
909 1270 1037 1352 publice
1048 1272 1248 1333 comminan-

98 1369 164 1440 tur,
186 1363 229 1425 cd
250 1383 324 1446 quae
344 1364 552 1426 acceleranda
573 1364 703 1441 scelera,
719 1367 804 1427 sicut
825 1364 924 1448 vulgo
946 1365 1100 1427 asseritur
1115 1370 1150 1428 et
1164 1367 1247 1428 veri·

97 1457 251 1521 similiter
264 1460 413 1538 timetur,
427 1461 463 1521 in
477 1461 623 1542 proximo
645 1480 680 1522 se
697 1459 767 1542 jam
782 1466 908 1542 parant,
923 1466 1053 1543 propter
1074 1461 1159 1543 quod
1182 1481 1247 1524 non

98 1559 151 1616 est
164 1554 302 1617 dubium
318 1556 422 1618 omnis
433 1557 627 1618 temeritatis
638 1554 825 1639 hujusmodi
833 1563 1062 1638 peremptoreS,
1075 1577 1248 1639 eorumque

97 1654 246 1713 auctores
261 1656 296 1713 et
310 1650 462 1729 fautores,
476 1651 513 1713 in
535 1651 665 1734 majoris
688 1653 1028 1714 excommunicationis
1052 1654 1249 1715 sententiam

96 1765 118 1806 a
147 1747 268 1808 sanctis
300 1746 448 1828 patribus
478 1752 513 1808 et
542 1748 706 1809 institutis
737 1747 898 1808 canonicis
927 1747 1154 1828 multipliciter
1176 1766 1249 1829 pro·

97 1842 281 1927 mulgatam
309 1843 541 1906 damnabiliter
567 1843 732 1922 incidisse,
756 1845 903 1926 quocirca
931 1843 1022 1905 vobis
1044 1842 1248 1921 mandamus,

97 1936 236 2001 firmiter
265 1937 489 2023 injungentes,
518 1944 680 2021 quatenus
710 1959 822 2001 omnes
852 1937 925 1999 illos
950 1943 985 2000 et
1015 1937 1161 2020 singulos
1191 1939 1247 2019 qui

96 2030 287 2115 hujusmodi
310 2034 485 2096 scelera'et
507 2033 646 2096 facinora
667 2038 905 2116 perpetrarunt,
921 2053 979 2095 seu
1001 2033 1047 2093 sic
1061 2038 1249 2114 perpetran-

97 2127 187 2190 tibus
216 2131 455 2207 au'ctoritatem,
484 2129 667 2208 consilium,
697 2129 896 2191 auxiliumve
933 2129 1166 2209 praestitenmt‚
1196 2125 1247 2191 vel

96 2221 251 2302 favorem,
265 2225 301 2286 in
317 2225 452 2287 ecclesia
466 2229 576 2287 nostra
584 2225 738 2305 praedicta
752 2224 848 2286 libor.
861 2228 894 2285 et
910 2223 987 2284 locis
1003 2223 1075 2284 aliis
1091 2223 1246 2300 evicinis,

95 2320 214 2401 quibus
230 2320 380 2402 expedire
394 2320 553 2398 videritis,
569 2321 706 2404 singulis
729 2319 842 2382 diebus
860 2320 1039 2381 Dominicis
1062 2323 1097 2381 et
1118 2319 1245 2381 festivis

95 2416 184 2477 intra
215 2416 385 2478 missarum
415 2415 594 2493 sollemnia,
625 2416 1100 2478 etc.—excommunicatos-
1115 2414 1244 2496 publice

94 2510 269 2589 nuntietis,
284 2516 346 2574 etc.
392 2511 467 2575 Dat.
485 2511 572 2593 apud
588 2511 726 2589 Melton,
742 2531 817 2573 non.
833 2511 853 2573 J
856 2511 937 2587 unii,
952 2510 1047 2574 Anno
1061 2511 1175 2594 gratiae
1197 2518 1246 2572 m⁰

96 2612 163 2668 ccc⁰
177 2605 294 2688 xviij⁰.¹

162 2782 302 2851 Similes
324 2783 430 2849 literoe
450 2784 585 2848 directo
600 2782 751 2867 sonunt
772 2781 834 2847 aab
858 2782 972 2847 ecdem
999 2781 1080 2846 dcto
1106 2780 1245 2866 officiali

97 2878 194 2945 Ebor.
209 2886 239 2945 ct
254 2879 397 2945 eeclesiis
410 2878 650 2959 Beverloceoac’,
665 2877 876 2964 Rypouensc‘,
892 2884 921 2941 ct
936 2875 1146 2941 Suwellcasi.

161 3058 425 3142 Ju1y26,1318.
470 3055 672 3120 Atoaotc'ou
695 3054 735 3139 cs
753 3054 805 3120 the
824 3053 978 3137 Metapa,
994 3052 1118 3132 eladae
1144 3051 1244 3117 Yorlc·
1268 3066 1339 3129 (129)

96 3151 196 3233 chire,
218 3160 250 3218 tc
276 3152 366 3218 stow
388 3151 440 3217 tle
461 3152 606 3234 domopc
629 3150 715 3215 done
742 3158 774 3215 to
800 3149 888 3215 them
915 3150 955 3233 by
982 3148 1033 3213 the
1053 3149 1165 3224 Saetw
1191 3145 1244 3211 tte

95 3248 241 3334 inquiras
258 3247 454 3314 cutboriced
477 3248 518 3331 by
540 3269 563 3311 o
585 3246 706 3329 Kdnq'c
727 3246 807 3311 weit
832 3246 933 3311 dated
956 3246 1051 3311 June
1076 3247 1128 3323 12,
1146 3247 1242 3307 1318.

100 3343 162 3410 rue
172 3352 257 3431 port
271 3343 419 3428 rclotinp
434 3350 467 3408 to
481 3342 600 3428 Ripoo
614 3342 692 3407 is·-

160 3524 212 3586 Da
241 3524 430 3586 Lrnnsrsrs
459 3537 501 3584 nr
529 3523 781 3585 Joarsorcmoun
811 3516 1170 3582 Rirou’.-·Praebenda
1200 3517 1241 3581 dc

95 3617 285 3696 Monlreton,
315 3638 357 3680 xx
385 3638 518 3679 marcas.
579 3616 756 3679 Praebenda
785 3615 827 3677 de
858 3614 1006 3691 Skelton,
1035 3634 1078 3675 xx
1107 3604 1230 3675 marcas

93 3713 272 3776 Praebenda
294 3714 336 3776 de
367 3713 597 3797 Stainwegges,
622 3712 678 3775 xli.
723 3710 900 3774 Praebenda
930 3710 971 3773 de
1000 3707 1161 3791 Nunwyk,
1184 3706 1241 3770 xli.
1326 3724 1329 3729 ·

94 3808 272 3872 Praebenda
301 3809 341 3871 de
369 3808 531 3890 Stodeley,
555 3829 597 3868 xx
620 3827 753 3870 marcas.
800 3805 977 3868 Praebenda
1005 3806 1046 3866 de
1075 3801 1195 3885 Thorp,
1219 3823 1240 3865 x

93 3925 225 3967 marces.
269 3904 446 3967 Praebendc
466 3904 507 3966 de
523 3900 682 3980 Sharowe,
696 3922 743 3964 cs.
787 3899 920 3986 (Baius,
935 3898 1068 3979 Lettere,
1084 3919 1116 3981 p.
1133 3895 1240 3982 2829)

147 4103 191 4173 (l)
210 4102 324 4157 Printed
336 4102 407 4157 from
417 4102 526 4157 Raine’s
538 4100 648 4167 Letterr,
660 4117 686 4171 p.
699 4099 761 4153 276.

147 4182 192 4251 (2)
212 4180 246 4235 In
258 4199 275 4235 a
285 4181 368 4235 letter
379 4187 408 4234 to
420 4181 494 4251 Pope
506 4179 581 4233 John
593 4177 698 4245 XXH,
707 4177 789 4231 dated
800 4175 872 4230 June
883 4177 910 4244 4,
920 4176 998 4246 1319,
1008 4178 1055 4231 the
1067 4177 1241 4250 Arehbishop

92 4259 187 4332 spculrs
200 4257 248 4312 of‘
257 4276 349 4313 meum
360 4256 511 4312 manerium
522 4257 557 4311 de
569 4255 661 4326 Ripcn
670 4253 729 4327 jam
741 4256 775 4309 de
784 4272 854 4308 novo
864 4253 1057 4326 (destructum)
1067 4273 1114 4328 per
1124 4256 1240 4312 Scotos!

92 4339 195 4407 —Rep
207 4337 262 4391 504
272 4355 299 4393 v.
335 4336 433 4405 Raine,
445 4352 471 4407 p.
485 4336 546 4390 290.
577 4333 634 4388 The
647 4351 719 4388 same
732 4333 755 4386 is
767 4333 921 4387 mentioned
932 4332 968 4404 hy
980 4335 1038 4388 him
1049 4336 1079 4388 in
1090 4351 1107 4387 a
1119 4336 1198 4389 letter
1210 4340 1239 4388 to

92 4416 140 4472 the
149 4415 233 4472 abbot
242 4416 296 4471 und
305 4420 421 4471 convent
430 4415 461 4470 of
469 4412 611 4482 Welbeck,
623 4413 693 4468 Nov.
704 4413 747 4480 16,
756 4412 936 4482 lala-neq.
949 4411 967 4464 9
980 4430 1005 4466 v.
1036 4411 1133 4480 Roinc,
1142 4429 1167 4482 p.
1175 4411 1237 4465 296.
