2992 5010
316 288 489 342 monacis
514 286 613 341 raon
637 285 735 339 roas
759 287 971 364 ancrsrnss3
998 292 1076 345 nna.
1371 278 1444 354 175

120 458 161 523 ad
186 459 275 522 diem
303 463 338 522 et
361 458 469 525 locum
491 455 690 538 subscriptos
711 456 911 521 evocandum
933 457 1001 523 iore
1021 461 1268 542 decreverimus,

114 553 251 639 justicia
265 556 299 619 id
315 559 480 637 poscente.
525 552 623 615 Vobis
639 553 742 636 igitur
764 552 964 636 conjunctim
987 560 1022 618 ct
1035 556 1166 621 divisim
1181 579 1268 622 com·
1293 568 1418 621 wccrucr

117 653 284 715 mittimus
297 672 334 714 ac
348 651 486 713 firmiter
496 647 697 732 injungendo
708 649 899 713 mandamus
910 655 1072 732 quatenus
1082 655 1192 718 citetis
1209 676 1268 721 seu
1291 645 1340 737 {0⁰2}
1349 633 1431 742 ἓξὲξ

117 749 212 812 citari
234 747 361 809 faciatis
383 745 599 829 peremptorie
622 743 793 826 praefatum
815 747 1009 828 magistrum
1033 747 1266 817 Christoferum
1288 749 1348 798 Μ

117 844 260 928 Dragley
281 841 494 926 personaliter
525 842 552 903 si
581 842 703 923 poterit
725 839 935 923 apprehendi,
961 844 1106 928 alioquin
1127 847 1266 930 publicae

117 940 286 1003 citacionis
308 939 415 1001 edicto
437 957 495 1020 per
525 936 708 999 affixionem
737 938 947 1018 praesentium
976 941 1012 1002 in
1038 942 1140 1005 valvis
1169 944 1266 1006 dictae

118 1036 262 1099 ecclesias
277 1034 456 1117 collegiatus
471 1034 511 1095 de
527 1032 632 1115 Ripon
649 1038 683 1095 et
703 1033 739 1095 in
762 1032 856 1096 stallo
879 1054 938 1096 suo
959 1036 994 1097 in
1017 1035 1124 1116 choro,
1139 1058 1266 1102 necnon

117 1133 159 1195 ad
174 1130 319 1194 hostium
333 1130 449 1193 domus
465 1128 569 1192 solitas
590 1128 777 1191 residenciae
792 1129 939 1211 ejusdcm
960 1134 1110 1216 magistri
1124 1131 1266 1198 Christo-

117 1227 179 1290 ieri
200 1227 342 1311 Dragley
364 1226 505 1288 dimissae
527 1230 562 1286 et
584 1225 765 1307 propositas,
791 1226 945 1310 copiaque
971 1226 1119 1310 ejusdem
1141 1230 1265 1294 ibidem

117 1324 260 1387 dimissae
283 1343 412 1385 necnon
436 1341 542 1384 coram
566 1321 653 1383 notis
684 1325 719 1383 et
741 1322 857 1385 vicinis
883 1323 961 1399 suis,
984 1323 1119 1407 aliisque
1144 1327 1207 1389 viis
1229 1333 1265 1392 et

116 1421 223 1483 modis
251 1419 411 1502 legitimis
441 1417 560 1499 quibus
589 1416 631 1479 de
655 1415 732 1498 jure
761 1418 933 1499 poteritis3
962 1421 1011 1483 ita
1040 1421 1126 1504 quod
1149 1423 1264 1486 citacio

116 1513 305 1598 hujusmodi
319 1515 360 1576 ad
375 1514 478 1595 ipsius
492 1513 641 1596 magistri
656 1509 845 1575 Christoferi
868 1515 1023 1578 noticiam
1038 1517 1079 1579 de
1095 1519 1264 1583 verisimili

114 1613 237 1695 poterit
251 1611 431 1693 pervenire,
442 1609 530 1692 quod
544 1608 757 1691 personaliter
778 1616 963 1692 compareat
977 1633 1084 1675 coram
1099 1614 1191 1678 uobis
1205 1622 1264 1680 aut

114 1715 225 1771 nostro
248 1709 368 1772 vicario
389 1707 425 1768 in
451 1703 676 1789 spiritualibus
704 1705 849 1788 generali
880 1712 915 1769 et
940 1707 1068 1770 officiali
1093 1710 1262 1794 principali

113 1824 328 1887 quocumque,
353 1805 390 1866 in
419 1803 517 1867 domo
540 1800 711 1884 capitulari
734 1800 831 1863 dictae
853 1802 1007 1879 ecclesias,
1029 1803 1083 1866 die
1105 1805 1261 1872 Mercurii

113 1901 254 1963 secundo
268 1901 322 1963 die
338 1901 459 1963 mensis
476 1896 677 1980 Septembris
691 1897 841 1978 proximi,
856 1899 943 1960 inter
957 1895 1049 1960 horas
1064 1903 1211 1964 octavam
1226 1908 1261 1966 et

112 1996 273 2059 decimam
287 2002 364 2059 ante
379 1995 562 2071 meridiem,
577 1993 843 2056 reformaciouem
858 1999 894 2056 et
914 1996 1145 2058 correctionem
1159 2017 1196 2060 ac
1210 1999 1261 2060 in-

107 2091 298 2174 junctiones
320 2097 447 2154 nostras
469 2092 505 2153 in
526 2089 587 2152 hac
610 2096 703 2171 parte
728 2088 871 2151 salubres
895 2093 931 2151 et
954 2095 1129 2172 oportunae
1150 2113 1260 2175 perso-

111 2188 232 2250 naliter
258 2188 437 2266 subiturus,
467 2187 670 2269 ulteriusque
698 2183 843 2247 facturus
877 2190 912 2248 et
946 2191 1136 2269 recepturus
1172 2191 1258 2273 quod

106 2284 239 2366 justum
252 2283 363 2346 fuerit.
407 2285 453 2346 Et
474 2283 554 2366 quid
576 2283 612 2345 in
634 2281 809 2364 praemissis
831 2279 985 2358 feceritis,
1006 2302 1065 2346 nos
1087 2289 1146 2348 aut
1167 2287 1260 2350 audi·

111 2386 217 2444 torem
233 2385 268 2444 et
279 2380 436 2442 vicarium
450 2385 598 2441 nostrum
613 2376 810 2460 hujusmodi,
825 2377 923 2440 dictis
937 2378 990 2441 die
1006 2383 1041 2442 et
1054 2379 1134 2459 loco,
1149 2381 1259 2448 debite

111 2477 271 2540 certificet
291 2475 349 2537 ille
372 2480 517 2538 vestrum
539 2475 597 2557 qui
618 2493 759 2556 praesens
782 2478 930 2537 nostrum
952 2475 1143 2538 mandatum
1158 2477 1260 2543 firerit

111 2578 278 2636 executus.
317 2571 438 2634 Datin
448 2571 592 2633 manerio
602 2575 713 2633 nostro
728 2570 768 2637 de
783 2568 910 2653 Thorpe
920 2568 1018 2654 juxta
1037 2572 1170 2637 Eborac.
1185 2576 1259 2658 xiij⁰
1282 2586 1382 2650 naam

111 2669 165 2731 die
188 2669 310 2732 mensis
335 2668 488 2751 Augusti,
510 2667 605 2728 Anno
633 2666 766 2731 Domini
792 2667 970 2730 Millesimo
995 2669 1259 2753 quingentesimo
1280 2648 1394 2767 iffi,

110 2765 278 2850 trigesimo
293 2769 419 2846 quarto,
435 2768 470 2826 et
483 2767 602 2824 nostras
617 2763 868 2826 consecracionis
882 2783 968 2826 anuo
981 2765 1095 2830 tercio.
1280 2777 1332 2813 rm.
1342 2768 1411 2818 ¹⁶⁸4·

174 2941 399 3026 lcjuacccc‘ocs
412 2939 513 3024 picco
528 2944 561 3004 to
576 2937 629 3005 tlte
644 2940 825 3005 Trccscrcr
838 2940 878 3025 os
895 2939 1057 3027 Rypporc.
1280 2960 1352 3021 (rsa)

174 3040 285 3104 Primo
307 3039 360 3101 die
382 3038 505 3100 mensis
528 3036 687 3114 Octobris,
700 3037 795 3100 Anno
816 3036 949 3100 Domini
971 3038 1147 3103 Millesimo
1161 3041 1258 3123 quin·
1279 3023 1407 3126 33:3⁸⁷·

108 3136 290 3220 gentesimo
304 3135 470 3197 tricesimo
479 3154 575 3210 nono,
586 3132 748 3216 praefatus¹
761 3131 1045 3196 reverendissimus
1055 3137 1257 3217 paterdomi-
1278 3158 1329 3207 va,
1338 3164 1407 3211 uca-

108 3251 172 3293 uus
193 3230 378 3307 Edwardus,
393 3229 604 3292 Eboracensis
627 3225 895 3310 archiepiscopus,
918 3229 954 3290 in
977 3229 1072 3292 domo
1093 3233 1256 3296 revestriae
1277 3219 1370 3328 {5¹3¹}

109 3326 252 3389 ecclesiae
267 3326 446 3408 collegiatae
462 3323 578 3407 Ripon’
593 3323 730 3385 eandem
744 3322 911 3386 ecclesiam
933 3324 1146 3408 collegiatam,
1160 3347 1256 3391 cano-
1278 3337 1403 3386 curasan

108 3423 197 3485 nicos
223 3427 259 3485 ct
287 3421 521 3504 praebeudarics
551 3418 709 3501 ejusdem,
732 3439 859 3482 necnon
883 3419 1005 3483 clerum
1031 3419 1179 3504 ejusdem
1201 3445 1255 3489 ec·
1276 3396 1394 3518 Q„

107 3520 214 3581 clesiae
229 3517 401 3580 actualiter
423 3526 458 3579 et
479 3516 692 3599 personaliter
706 3516 871 3594 visitabat,
884 3515 943 3580 ubi
957 3516 1093 3581 diversas
1115 3521 1255 3603 querelae
1276 3514 1362 3575 R³P⁰¹¹2

106 3615 290 3697 diversique
305 3613 436 3676 articuli
451 3613 486 3673 in
502 3612 630 3694 scriptis
644 3612 906 3695 proponebantur
919 3617 1032 3677 contra
1045 3613 1093 3678 M.
1109 3613 1254 3680 Christo-

104 3710 211 3774 ierum
227 3709 377 3792 Dragley,
389 3706 628 3771 thesaurarium
642 3707 738 3771 dictae
753 3708 906 3785 ecclesia,
921 3714 956 3771 et
970 3709 1094 3774 eisdem
1107 3714 1254 3779 articulis

104 3812 206 3869 testes
228 3805 379 3887 producti
397 3802 502 3888 jurati
525 3808 559 3866 et
573 3802 762 3880 examinati,
783 3807 818 3865 et
834 3802 942 3866 dictus
963 3809 1253 3875 reverendissimus

104 3908 197 3985 pater
210 3902 253 3964 ad
268 3901 391 3965 bonum
404 3902 554 3986 regimen
576 3898 673 3962 dictae
694 3898 839 3963 ecclesiae
859 3919 897 3963 ac
917 3900 1043 3982 praefati
1065 3901 1253 3972 christofori

104 3997 247 4081 Dragley
273 4016 401 4059 morum
425 3995 691 4059 reformacionem
721 3995 825 4058 edidit
847 3995 1002 4077 quasdam
1032 3997 1253 4083 injunctiones
1315 4053 1320 4065 .

104 4099 288 4177 sequentes.

157 4245 201 4316 (1)
221 4245 279 4299 Tho
292 4242 417 4317 previous
429 4248 508 4314 sntry
520 4242 545 4298 is
556 4248 586 4298 to
599 4242 645 4298 the
656 4241 736 4299 effect
745 4242 808 4297 that
819 4241 849 4299 iu
860 4241 929 4315 July
942 4244 1023 4314 1⁵37,
1033 4244 1152 4305 Thomas
1163 4250 1250 4322 chh,

103 4325 150 4380 the
161 4323 258 4394 King's
270 4322 452 4394 commissary,
459 4322 514 4377 had
526 4321 661 4376 dissolved
672 4320 720 4379 tao
731 4320 870 4377 visitation
877 4322 970 4379 which
981 4323 1028 4379 the
1035 4324 1102 4396 king
1114 4327 1168 4384 had
1175 4329 1251 4400 held,

103 4405 158 4458 and
169 4403 284 4458 allowed
296 4402 343 4456 the
355 4400 516 4473 archbishcp
528 4405 557 4455 to
569 4398 686 4455 exorciso
696 4398 741 4455 his
753 4401 921 4459 accustomcd
935 4399 1118 4474 jurisdiction.
