2992 5010
101 314 149 388 48
637 332 844 384 arnonius
870 332 915 382 os
940 331 1060 383 areos.

103 510 232 581 maaca
276 499 471 561 auctoritate
494 501 629 579 domini,
652 502 685 561 in
710 500 868 562 fructibus
892 508 924 561 et
948 498 1160 582 proventibus
1181 496 1361 578 praebendae
1384 500 1427 562 de

96 577 246 690 ffl'ffl'*
278 592 406 675 Thorp',
422 596 521 658 donec
537 597 626 658 aliud
642 618 661 657 a
676 596 808 658 domino
824 594 996 657 habuerint
1014 615 1110 676 super
1126 592 1186 654 hoc
1202 593 1237 654 in
1253 594 1427 656 mandatis.

99 687 232 792 {mse
346 691 396 752 ad
426 693 618 754 instanciam
644 693 768 754 domini
792 693 929 754 Henrici
958 693 1029 753 nati
1060 691 1180 752 Brante
1204 689 1356 752 Saraceni
1385 692 1426 754 de

104 761 231 908 320an
281 785 370 848 L'rbe
386 791 621 870 persequentis.

105 878 190 1016 (ἐς,
348 931 499 1011 Thomas,
523 935 584 996 Dei
606 932 725 1019 gracia,
741 940 804 996 etc.
820 935 949 996 dilectis
973 935 1007 995 in
1031 933 1160 996 Christo
1182 932 1259 993 liliis
1284 933 1428 1014 capitulo

104 1026 202 1119 {3354
280 1035 391 1087 nostro
401 1029 535 1111 Rypon’,
546 1032 696 1106 salutem,
705 1031 858 1112 graciam,
871 1042 902 1091 et
917 1031 1190 1091 benediccionem.
1212 1029 1427 1090 Meminimus

105 1131 162 1178 ha
172 1133 194 1177 7.
282 1142 339 1183 nos
355 1124 478 1184 dudum
495 1126 530 1186 in
545 1128 746 1206 processione
766 1126 925 1207 solempni
941 1127 982 1186 ad
998 1145 1126 1186 crucem
1150 1126 1185 1184 in
1207 1123 1276 1184 foro
1292 1124 1428 1205 Rypon’,

108 1214 233 1284 ΜΨ
282 1220 495 1298 praesentibus
525 1222 647 1282 ibidem
679 1221 792 1282 multis
822 1242 861 1282 ex
893 1222 993 1299 robis,
1025 1227 1219 1300 astanteque
1249 1226 1319 1280 tam
1349 1220 1428 1281 cleri

37 1345 40 1351 ¹
105 1278 235 1390 mall·
282 1334 379 1394 quam
403 1315 515 1396 populi
539 1316 763 1392 multitudine,
779 1337 891 1377 omnes
915 1317 988 1378 illos
1004 1318 1060 1397 qui
1083 1316 1246 1376 maliciose
1269 1315 1354 1376 clam
1376 1315 1428 1377 vel

106 1389 233 1492 fflff‘·
281 1408 388 1490 palam
404 1411 589 1472 libertatern
605 1419 747 1473 nostram
764 1412 891 1493 Ripon',
902 1416 969 1473 sire
986 1412 1069 1473 infra
1081 1412 1191 1472 villam
1202 1412 1268 1472 sire
1282 1417 1382 1487 extra,
1392 1412 1427 1472 in

105 1504 206 1566 ΒΜ·
283 1503 379 1581 villis,
400 1507 540 1583 vii'ariis,
566 1508 632 1568 sire
657 1509 771 1589 parcis,
792 1507 843 1568 rel
869 1507 946 1568 locis
970 1509 1041 1568 aliis
1065 1505 1313 1588 quibuscunque
1339 1526 1429 1587 spec-

281 1600 429 1662 tantibus
455 1602 495 1663 ad
526 1603 711 1664 libertatem
742 1603 889 1679 eandem,
915 1604 1104 1664 violaverint
1132 1622 1190 1662 seu
1219 1600 1428 1685 infregerint,

281 1715 458 1778 eorumque
473 1701 619 1759 auctores
634 1702 669 1759 et
684 1697 826 1759 fautores
841 1719 1062 1780 quoscunque,
1078 1698 1219 1759 accensis
1235 1696 1379 1758 candelis
1394 1701 1429 1758 et

281 1792 447 1869 extinctis,
473 1795 626 1854 canonica
648 1794 830 1854 monicione
852 1796 1030 1876 praemissa,
1057 1792 1209 1874 pupplice
1232 1798 1266 1852 et
1290 1791 1429 1873 solemp-

281 1886 368 1946 niter
398 1889 691 1950 excommunicasse
721 1889 756 1948 in
785 1908 917 1971 genere,
941 1895 975 1949 et
1006 1888 1302 1949 excommunicatos
1326 1887 1429 1947 eciam

282 1983 464 2061 nunciasse,
497 2005 692 2066 quamquam
724 2005 836 2045 omnes
867 1984 950 2046 tales
983 1987 1053 2066 ipso
1082 1982 1168 2044 facto
1199 1984 1266 2043 sint
1296 1982 1430 2064 majoris

282 2079 623 2140 excommunicacionis
659 2081 824 2141 sentencia
861 2080 895 2140 in
933 2100 1019 2140 anno
1056 2077 1260 2160 promulgata
1296 2077 1429 2159 pluries,

107 2171 259 2277 {⁸:¹¹th
282 2172 534 2255 dampnabiliter
553 2175 703 2236 involuti.
749 2174 851 2248 Quam
876 2175 1073 2237 sentenciam
1094 2180 1129 2234 et
1150 2172 1429 2254 pupplicacionem

107 2245 219 2335 lnfchin
283 2266 441 2350 ejusdem,
456 2274 524 2330 tam
540 2271 574 2330 in
586 2270 674 2331 dicta
683 2269 799 2352 Ripon’
813 2270 958 2346 ecclesia,
971 2270 1085 2331 diebus
1101 2268 1279 2330 Dominicis
1289 2267 1429 2349 solemp-

108 2346 259 2452 fflfflffifih
283 2363 381 2425 nibus
399 2371 434 2425 et
449 2363 586 2441 festivis,
602 2385 699 2446 quam
714 2366 749 2426 in
772 2365 869 2447 pleno
892 2365 952 2426 loci
976 2372 1117 2426 mercato
1132 2362 1248 2425 diebus
1268 2361 1429 2444 ejusdem,

107 2463 208 2511 nuket.
283 2458 318 2519 in
334 2457 436 2520 forma
453 2461 647 2541 praescripta,
670 2480 768 2542 quam
784 2461 873 2522 vobis
889 2461 1119 2522 observandam
1140 2479 1245 2539 nuper
1266 2457 1428 2533 dedimus,

283 2553 434 2636 pupplice
465 2560 500 2615 et
523 2554 744 2635 solempniter,
768 2557 862 2617 modo
892 2565 1046 2617 consueto
1076 2560 1110 2616 et
1140 2554 1261 2629 debito,
1284 2553 1429 2614 recitatis

284 2648 455 2711 efficaciter
478 2655 512 2711 et
535 2649 744 2731 solempniter
765 2651 972 2733 pupplicetiS,
996 2652 1198 2733 inquirentes
1221 2649 1263 2710 de
1288 2649 1428 2708 nomini-

283 2744 344 2807 bus
359 2744 546 2821 eorundem,
562 2747 601 2807 de
618 2746 735 2828 quibus
758 2767 833 2808 cum
856 2747 1004 2829 legitime
1021 2747 1110 2808 vobis
1126 2746 1320 2819 constiterit,
1336 2744 1429 2804 nobis

282 2840 364 2902 citra
392 2841 534 2902 mediam
564 2841 849 2923 Quadragesimam
877 2850 1023 2904 constare
1053 2842 1180 2903 faciatis
1205 2839 1348 2901 fideliter
1371 2858 1429 2921 per

283 2942 406 2998 vestras
422 2936 533 2998 literas
555 2935 671 2998 harum
696 2938 812 2998 seriem
836 2940 1052 3000 continentes.
1099 2937 1168 2998 Nec
1190 2935 1325 2997 cessetis
1340 2955 1359 2995 a
1373 2935 1430 2996 de-

282 3032 493 3094 nunciacioue
524 3030 723 3115 hujusmodi,
749 3034 850 3095 donec
880 3034 969 3096 aliud
1001 3054 1096 3117 super
1125 3030 1185 3093 hoc
1215 3052 1235 3092 a
1263 3030 1357 3092 nobis
1380 3050 1430 3091 re-

282 3129 434 3210 ceperitis
457 3130 492 3190 in
516 3130 687 3191 mandatis.
733 3129 859 3193 Valete.
905 3131 980 3191 Dat.
1007 3129 1094 3212 apud
1121 3127 1246 3204 Cawod,
1271 3126 1314 3208 vij
1347 3125 1426 3187 Idus

283 3222 442 3303 Januarii,
457 3225 666 3307 pontificatus
681 3227 783 3287 nostri
800 3245 884 3287 anno
899 3232 1024 3307 quarto.

109 3390 185 3457 (tto.
350 3377 500 3455 Thomas,
516 3378 577 3440 Dei
599 3378 717 3461 gracia,
739 3384 800 3440 etc.
826 3378 954 3440 dilectis
980 3379 1014 3439 in
1039 3375 1166 3440 Christo
1188 3375 1264 3436 filiis
1287 3374 1429 3456 capitulo

107 3454 239 3558 ἔξω
283 3480 395 3537 nostro
417 3473 544 3555 Ripon',
559 3473 710 3549 salutem,
733 3474 886 3554 graciam,
909 3479 944 3535 et
966 3474 1240 3536 benediccionem.
1285 3471 1429 3531 Veniens

109 3590 193 3641 u..
284 3570 325 3631 ad
340 3587 399 3630 nos
423 3613 431 3629 .
455 3612 464 3630 .
487 3573 673 3650 procurator
687 3566 838 3629 Nicholai
853 3568 893 3630 de
911 3569 1026 3652 Blyda,
1042 3569 1095 3631 cui
1116 3568 1157 3629 de
1181 3566 1372 3628 canonicatu
1395 3569 1430 3626 et

107 3650 198 3699 ‘m
212 3683 242 3699 ··
283 3663 456 3747 praebenda
470 3662 505 3722 in
521 3662 655 3723 ecclesia
669 3667 779 3723 nostra
793 3663 1040 3744 Ripon’dicitur
1051 3683 1121 3726 esse
1131 3662 1308 3744 provisum,
1318 3660 1429 3722 literas

109 3706 220 3829 &a
284 3757 474 3841 apostolicas
500 3761 535 3818 et
559 3758 758 3818 executorias
780 3778 845 3819 non
867 3760 960 3821 nobis
983 3759 1141 3821 informa
1163 3757 1256 3818 solita
1279 3774 1429 3837 expresse

107 3826 230 3931 w
286 3860 338 3916 set
359 3852 448 3916 vobis
471 3852 620 3929 directas,
645 3852 713 3934 xiiij
740 3852 846 3914 Kal’n.
876 3854 944 3917 Jul.
972 3855 1191 3937 praesentavit,
1217 3870 1363 3912 asserens
1396 3870 1429 3911 se

107 3938 226 4061 {lm
284 3949 357 4011 illas
380 3949 445 4011 cito
461 3954 533 4030 post
548 3947 639 4010 vobis
661 3949 813 4010 similiter
828 3956 1050 4031 praesentasse.
1096 3949 1201 4022 Quem
1224 3946 1277 4008 die
1304 3944 1432 4007 confec·

107 4056 246 4107 dmm-
285 4045 387 4106 cionis
410 4045 633 4125 praesencium,
649 4044 847 4126 videlicetvj
868 4045 922 4107 die
947 4066 966 4106 a
991 4045 1240 4127 praescntacione
1263 4040 1431 4101 literarum

108 4120 220 4165 ''⁸¹¹⁸“
285 4138 471 4222 hujusmodi
484 4139 575 4200 nobis
590 4138 685 4216 facta,
697 4140 756 4201 sub
767 4142 1002 4220 protestacione
1017 4141 1207 4202 admisimus
1221 4136 1432 4219 praesentibus
1449 4135 1453 4141 '

103 4174 254 4315 w
285 4235 471 4311 interclusa,
501 4234 592 4296 vobis
624 4235 817 4295 mandantes
854 4237 1009 4316 quatinus
1048 4237 1073 4296 si
1112 4253 1207 4316 super
1244 4228 1431 4312 hujusmodi

135 4306 261 4397 welf*
284 4330 418 4414 negocio
439 4349 515 4391 cum
538 4328 717 4390 venerabili
740 4329 809 4390 viro
830 4331 987 4412 magistro
1002 4330 1167 4392 Willelmo
1187 4328 1227 4390 de
1244 4323 1430 4401 Grenefeld,

139 4419 254 4515 ''2'‘
285 4446 344 4490 seu
366 4425 439 4487 aliis
461 4422 676 4487 confratribus
703 4424 819 4486 vestris
843 4426 959 4487 vicinis
981 4426 1129 4489 nondum
1152 4422 1332 4486 habuerit-is
1355 4442 1431 4483 con-
