2992 5010
618 331 827 388 mom
851 328 898 387 Ol*
921 331 1042 386 arros.

255 508 385 581 ventur,
398 520 437 565 ae
458 501 522 566 tibi
547 502 649 566 etiam
675 502 892 585 precipimus,
915 500 1131 584 injungimus,
1147 507 1184 565 et
1205 500 1406 577 mandamus,

255 600 410 682 quatinus
431 599 542 662 debite
564 600 600 660 in
622 597 773 660 omnibus
788 603 824 659 et
844 617 903 679 per
924 598 1034 658 omnia
1055 598 1251 680 perimpleas
1265 596 1408 659 officium

255 701 364 775 tuum,
380 696 479 778 juxta
491 696 630 779 antiqua
643 699 770 757 statuta
784 699 820 756 et
840 692 1040 755 laudabilem
1061 694 1158 756 dicte
1173 694 1317 757 eeclesia
1331 712 1408 754 eon-

256 791 478 855 suetudinem.

81 900 201 962 Ιιιμιι
322 889 460 952 Nobis
449 908 583 971 insuper
604 907 645 950 ex
659 891 751 969 parte
765 885 847 948 dieti
862 885 1064 947 Marmaduci
1079 886 1249 969 Waldbye,
1263 884 1409 947 eanoniei

15 1042 18 1047 .
81 960 213 1080 24¹⁶&
256 985 476 1048 resideneiarii
490 986 588 1048 dietae
603 983 761 1060 eeclesias,
775 982 843 1044 fuit
856 983 1060 1059 intimatum,
1074 984 1161 1064 quod
1175 1003 1251 1045 eum
1266 979 1410 1045 Christo-

81 1086 221 1195 w
256 1080 346 1143 ferus
370 1080 512 1165 Dragley
534 1080 661 1142 solus
651 1099 687 1141 ιιι
716 1079 805 1141 dieta
829 1077 967 1140 eeclesia
989 1078 1162 1156 residebat,
1176 1099 1214 1140 ae
1238 1094 1409 1140 eommune

257 1176 405 1261 sigillum
427 1176 577 1260 ejusdem
599 1176 742 1238 eeclesiae
763 1175 851 1237 solus
872 1175 1031 1252 servabat,
1045 1175 1132 1257 quod
1154 1175 1242 1238 idem
1265 1171 1410 1236 Christo-

257 1270 347 1334 lerus
356 1292 469 1335 omnes
483 1273 645 1334 eantarias
658 1271 806 1334 nundum
820 1278 973 1333 vaeantes
983 1271 1025 1333 ad
1041 1271 1328 1354 praeaentacionem
1338 1269 1407 1329 sive

83 1373 142 1445 (ει)
258 1366 468 1430 οοιιιοιοιιειιι
491 1367 720 1429 eanoniuormn
743 1366 1044 1429 residentiariorum
1068 1371 1200 1428 tanturn
1215 1370 1410 1449 spectantes,

259 1468 297 1526 at
307 1462 413 1526 officia
425 1468 603 1545 antequam
614 1467 776 1539 vaearent,
786 1462 939 1525 similiter
951 1463 993 1525 ad
1008 1463 1114 1525 dictos
1127 1463 1296 1525 eanonieos
1310 1460 1411 1543 perti·

259 1560 385 1636 nantia
408 1565 445 1622 et
467 1559 611 1622 decimas
636 1558 809 1643 garbarum
832 1558 874 1621 de
898 1558 1015 1641 NJdde
1036 1559 1078 1621 ad
1099 1558 1320 1620 communiam
1342 1556 1410 1617 sive

259 1655 443 1738 partionem
454 1655 682 1717 eanonieurum
695 1653 993 1717 residentiariorum
1008 1659 1204 1737 spectantes,
1218 1653 1260 1716 ad
1275 1652 1411 1736 longum

259 1756 392 1833 tempus
406 1749 467 1813 sub
488 1748 597 1834 sigillo
609 1750 777 1813 summani
797 1750 901 1832 ipsius
922 1748 1066 1812 ecelesiae
1079 1749 1249 1826 concessit,
1270 1747 1354 1810 bona
1375 1749 1412 1808 et

259 1866 312 1910 res
334 1846 436 1929 ipsius
461 1846 607 1908 ecelesia
630 1846 777 1908 alienans
805 1850 841 1908 et
865 1845 1030 1908 inutiliter
1053 1845 1240 1927 disponens,
1266 1845 1347 1906 adeo
1372 1847 1411 1904 ut

260 1940 364 2006 niehil
386 1943 543 2005 utilitatis
563 1952 624 2006 aut
636 1942 798 2005 eommodi
818 1942 982 2003 eanonieis
1005 1943 1040 2002 in
1056 1942 1170 2003 eadem
1185 1940 1319 2003 eeclesia
1333 1937 1411 1999 hine

260 2039 303 2102 ad
324 2039 444 2122 viginti
466 2058 569 2102 annos
587 2038 731 2101 residere
747 2037 942 2114 volentibus,
956 2057 1113 2120 magnum
1137 2036 1361 2119 praejudicium
1376 2040 1412 2095 et

261 2136 452 2217 dampnum,
481 2135 708 2197 ineoneessnm
735 2133 950 2216 relinquatur.
1020 2133 1089 2194 Nos
1120 2135 1235 2217 igitur,
1265 2130 1413 2193 conside·

262 2238 373 2295 rantes
387 2236 467 2313 quot
488 2230 574 2292 mala
588 2238 624 2292 et
637 2230 777 2292 absurda
795 2236 895 2312 atque
912 2230 1055 2311 dampna
1069 2230 1146 2291 inde
1160 2230 1283 2311 possint
1299 2247 1413 2310 prove-

88 2345 205 2394 ἰἰιιιιι
263 2327 335 2390 nire
355 2327 384 2388 si
408 2327 496 2388 idem
516 2324 733 2389 Christoferus
754 2324 841 2387 solus
863 2325 1010 2409 sigillum
1031 2344 1205 2387 commune
1227 2343 1363 2401 servare,
1377 2328 1413 2384 et

88 2404 243 2522 “w
264 2419 452 2504 hujusmodi
475 2419 691 2482 alienaeiones
719 2424 754 2482 et
782 2422 1004 2482 concessiones
1034 2420 1122 2482 sulus
1151 2420 1256 2482 iacere
1284 2419 1412 2481 diutius

89 2521 215 2637 2:⁸⁸·
263 2518 523 2598 permitteretur,
552 2516 660 2578 eidem
682 2512 892 2593 Christeiero,
921 2516 1138 2598 omnibusque
1159 2516 1233 2578 aliis
1265 2514 1412 2598 ejusdem

89 2638 205 2684 mm
263 2610 406 2675 eeclesias
430 2610 592 2672 eanonieis
611 2609 828 2695 injungimus,
849 2629 892 2673 ne
913 2612 983 2693 ipse
996 2618 1055 2674 aut
1076 2612 1249 2694 quisquam
1268 2617 1412 2673 vestrum

90 2695 212 2743 ”⁰⁰⁸⁶-
265 2705 363 2783 sulus,
388 2707 538 2787 quamvis
562 2705 643 2768 alias
665 2705 836 2789 eontingat
863 2710 898 2768 te
925 2707 977 2769 rel
999 2727 1112 2769 eorum
1140 2708 1283 2791 aliquem
1308 2707 1413 2769 solum

263 2800 528 2864 resideneiarium
542 2806 579 2863 et
591 2801 818 2883 presidentem
833 2803 969 2884 eapituli
984 2823 1067 2879 esse,
1082 2803 1227 2888 sigillum
1241 2822 1413 2865 commune

263 2896 361 2960 dietae
385 2896 528 2960 euelesiae
550 2897 724 2977 custodiat,
748 2897 845 2960 sed
822 2898 898 3009 ιρει
921 2898 1119 2962 Christuiero
1142 2907 1176 2962 et
1204 2899 1413 2962 Marmaduco

90 3008 147 3057 lta
155 3009 220 3057 ιιιι
264 2992 428 3076 Waldby
417 2991 621 3077 injungimus
642 2993 831 3076 quatinus
819 2995 883 3077 ιρει
904 3000 972 3057 tres
986 2995 1129 3058 diuersas
1144 3016 1231 3057 seras
1245 3016 1320 3058 eum
1335 2994 1415 3056 toti-

90 3069 236 3176 ΨΜ
264 3090 342 3153 dem
354 3089 497 3153 clavibus
508 3089 643 3152 mfraxv
651 3089 722 3152 dies
732 3090 845 3153 datam
853 3092 1064 3172 presentrum
1073 3112 1218 3173 pronme
1228 3096 1413 3173 sequentes,

90 3184 202 3234 Μ
265 3186 451 3270 sumptibus
470 3185 733 3249 eommunibus
722 3187 826 3269 ipsius
849 3186 991 3249 eeclesiae
1013 3186 1084 3249 lieri
1103 3188 1331 3269 procurabunt,
1352 3185 1414 3248 sub

90 3244 166 3295 Μ
264 3302 402 3368 quarum
416 3302 559 3345 serarum
574 3287 609 3345 et
629 3281 772 3344 clavium
791 3282 963 3344 custodia'
953 3281 1158 3366 injungimus
1173 3290 1206 3346 et
1222 3283 1415 3344 mandamus

264 3377 399 3461 prelato
412 3374 608 3441 Christulero
621 3384 658 3441 et
678 3377 888 3440 Marmadueo
902 3378 1049 3463 sigillum
1063 3399 1236 3442 commune
1250 3380 1363 3461 reponi
1379 3383 1415 3440 et

263 3473 431 3535 austadiri.
483 3472 539 3549 Et,
563 3493 605 3534 ne
628 3472 737 3555 aliqua
757 3473 828 3535 litis
850 3475 987 3536 materia
1018 3474 1106 3535 inter
1130 3476 1299 3537 eanonicus
1330 3475 1416 3536 circa

264 3564 453 3649 hujusmodi
468 3566 609 3628 savium
630 3568 812 3629 custodiam
832 3569 967 3646 oriatur,
990 3569 1140 3632 volumus
1161 3576 1193 3632 et
1211 3571 1415 3645 mandamus,

264 3681 305 3725 se
323 3666 438 3725 tenum
458 3662 669 3742 presentium
689 3662 905 3746 injungimus,
920 3664 1007 3746 quod
1029 3670 1096 3726 tres
1110 3667 1255 3727 canonici
1271 3686 1311 3728 ex
1333 3665 1415 3727 resi·

266 3756 355 3821 dau.¹
376 3761 413 3818 et
426 3757 605 3819 senioribus
626 3754 769 3819 habeant
788 3758 951 3821 dictarum
974 3758 1115 3822 clavium
1138 3761 1331 3823 custodiam.
1377 3759 1414 3822 Si

266 3872 344 3915 raro
357 3857 435 3914 sunt
448 3852 515 3915 duo
527 3856 658 3913 tantum
671 3851 813 3915 residen.
832 3858 912 3915 tune
925 3854 1027 3916 tercia
1040 3855 1139 3917 clasis
1154 3876 1212 3938 per
1226 3856 1415 3938 praebenda-

266 3948 354 4013 rium
367 3948 409 4011 de
424 3948 616 4032 Stangwigg
628 3951 784 4010 servetur.
823 3947 858 4011 Si
874 3968 949 4011 reso
963 3951 1080 4013 unicus
1095 3957 1227 4014 tantum
1241 3953 1416 4014 eanonicus

266 4044 303 4106 in
322 4042 411 4106 dieta
423 4043 560 4105 eeelesia
579 4043 731 4121 resideat,
749 4050 830 4106 tune
852 4045 1032 4107 custodiam
1055 4047 1165 4109 tereiae.
1182 4047 1281 4110 clavis
1305 4054 1417 4110 nost-ro

267 4139 402 4202 arbitrie
415 4158 624 4202 reservamus.
670 4137 706 4201 Si
720 4158 798 4201 vero
817 4138 930 4202 nullus
944 4141 980 4202 in
1000 4141 1089 4203 dieta
1109 4142 1243 4205 ecclesia
1263 4144 1417 4219 resideat,

268 4240 349 4298 tune
363 4254 430 4298 una
442 4254 501 4318 per
514 4231 772 4316 psebendarium
786 4235 829 4298 da
851 4232 1044 4320 Stanguigg
1064 4244 1212 4301 serretur
1226 4244 1259 4300 et
1277 4238 1416 4301 aliarum

268 4331 407 4395 duarum
420 4331 560 4395 clavium
573 4330 754 4394 eustadium
769 4334 888 4392 nostre
901 4331 1108 4414 disposicioni
1123 4354 1334 4397 reservamus.

570 4446 613 4518 (l)
630 4446 822 4502 Residsntiuus
832 4464 864 4503 or
874 4448 1085 4506 residentiuiis?
