2992 5010
582 347 792 402 nauculam
818 347 863 400 Ol*
888 346 1008 399 BIPON.

222 519 309 604 quod
324 522 360 584 in
375 520 638 604 psalmodisando
661 524 696 582 et
711 517 877 601 psallendo
897 519 932 579 in
955 515 1052 580 choro
1067 518 1221 600 praedicto
1242 540 1309 582 non
1333 522 1377 583 sit

223 617 372 681 defectus
383 618 436 681 vel
447 618 667 700 discrepancia
680 635 747 677 nna
756 619 849 698 parte
864 613 1011 697 ejusdem
1026 616 1061 676 in
1075 636 1213 678 numero
1227 622 1378 699 respectu

223 713 360 777 alterius
383 734 558 776 nnmerum
573 710 780 795 praevalente,
796 711 852 774 sed
870 711 967 794 juxta
987 711 1219 774 discrecionem
1236 720 1378 775 vestram

48 825 202 886 motuuty·
224 829 381 873 numerus
405 804 496 872 chori
518 809 687 892 aequaliter
711 807 887 869 dividatur.
932 808 1032 884 Item,
1047 828 1123 869 cum
1148 810 1215 870 sint
1237 811 1380 892 triginta

50 885 195 994 ΨΜ*
226 907 299 970 duae
325 926 470 990 personae
493 907 529 967 in
557 905 693 968 ecclesia
714 904 887 988 collegiata
912 904 1066 986 praedicta
1093 905 1133 967 ob
1157 905 1268 967 divina
1293 906 1380 968 cele-

51 957 167 1053 „¹31st
227 1003 351 1065 branda
373 1002 496 1065 ibidem
520 1002 698 1085 deputatae,
713 999 877 1078 videlicet,
901 1000 945 1082 vij
971 1001 1131 1076 canonici,
1156 1007 1282 1083 septem
1305 1022 1381 1083 per·

228 1119 325 1176 sonae,
341 1119 397 1160 sex
412 1098 535 1176 vicarii,
551 1117 606 1159 sex
621 1096 761 1176 diaconi,
778 1117 834 1158 sex
849 1094 1070 1174 thuribularii,
1085 1103 1120 1159 et
1144 1118 1198 1159 sex
1220 1096 1381 1174 choristae,

228 1195 378 1257 volumus
394 1198 429 1256 et
444 1193 632 1256 ordinamus
647 1193 733 1275 quod
749 1193 834 1255 nulli
849 1194 914 1254 nisi
934 1191 1016 1254 bene
1032 1192 1182 1274 dispositi
1206 1194 1383 1256 necessarii

52 1311 175 1364 rimatus
228 1296 264 1354 et
278 1294 502 1371 competenter
517 1290 552 1351 in
567 1295 667 1351 cantu
690 1295 726 1351 et
749 1289 921 1351 literatura
943 1289 1097 1351 instructi
1120 1291 1156 1351 in
1171 1290 1307 1352 vicarios
1322 1309 1381 1350 seu

54 1370 191 1475 mma*
228 1387 397 1450 ministros
412 1385 493 1447 alios
516 1385 557 1447 ad
579 1385 737 1448 beneficia
751 1385 804 1446 vel
818 1386 1079 1446 ministraciones
1094 1385 1219 1468 aliquas
1234 1387 1269 1447 in
1284 1382 1382 1446 choro

54 1443 208 1560 &2:³⁰¹
228 1483 384 1569 praedicto
398 1482 608 1564 recipiantur.
653 1482 697 1544 Et
708 1483 793 1565 quod
809 1481 937 1565 praeiati
951 1483 1107 1559 canonici,
1121 1483 1228 1545 saltim
1237 1484 1292 1565 qui
1307 1502 1383 1564 per·

54 1549 186 1680 ”02¹⁸AE
232 1579 374 1643 sonalem
390 1582 425 1640 et
439 1577 658 1640 canonicalem
672 1577 799 1640 faciunt
813 1578 1182 1658 residenciam‚veniant
1196 1580 1236 1641 ad
1248 1577 1384 1640 chorum

55 1687 139 1736 stand
149 1686 177 1732 ln
230 1682 379 1758 tempore
394 1676 584 1738 residenciae
600 1675 635 1736 in
651 1673 819 1737 habitibus
835 1676 913 1752 suis,
924 1675 1047 1738 ibidem
1059 1677 1277 1757 permanendo
1288 1675 1385 1757 juxta

54 1747 145 1854 iffi,
232 1778 358 1837 statuta
387 1777 423 1834 et
452 1772 603 1853 antiquas
634 1772 888 1834 consuetudines
914 1776 949 1834 et
976 1772 1216 1834 observaciones
1243 1772 1384 1834 ecclesiae

231 1868 412 1952 collegiatae
428 1868 602 1950 praedictae,
618 1872 653 1930 et
668 1867 732 1930 alia
747 1871 940 1950 supportent
956 1875 990 1930 et
1005 1876 1182 1953 agnoscant
1195 1889 1303 1946 onera,
1315 1874 1384 1930 tam

231 1967 269 2028 iu
292 1963 426 2027 ecclesia
441 1965 596 2046 praedicta
610 1984 709 2047 quam
733 1970 834 2042 extra,
849 1985 922 2046 quae
944 1985 1003 2047 per
1026 1963 1213 2048 hujusmodi
1237 1965 1385 2028 residen-

57 2071 201 2123 vloenmd
232 2062 347 2125 ciarios
372 2061 443 2124 fieri
472 2066 714 2123 consueverunt
738 2065 773 2122 et
798 2062 1005 2144 supportari3
1034 2062 1185 2143 quodque
1211 2063 1323 2123 vicarii
1351 2067 1386 2123 et

57 2135 181 2242 ffim„
232 2158 289 2220 alii
315 2157 459 2220 ministri
485 2156 628 2218 ecclesias
658 2156 820 2237 praediotae
848 2156 890 2217 ad
916 2153 1050 2217 chorum
1076 2158 1267 2238 praedictum
1298 2156 1385 2219 horis

58 2247 210 2300 “mlh
234 2251 498 2336 competentibus
521 2258 555 2313 et
579 2251 743 2313 consuetis
766 2252 962 2313 conveniant
978 2259 1013 2313 et
1027 2252 1150 2314 ibidem
1172 2254 1329 2315 intersint
1349 2254 1386 2314 in

57 2311 184 2418 ‘albidius
235 2350 367 2426 divinis,
390 2346 554 2421 videlicet,
569 2346 755 2422 matutinis,
776 2347 932 2426 vesperis,
952 2347 1080 2431 etlaliis
1105 2346 1192 2409 horis
1214 2349 1388 2425 canonicis,

59 2428 139 2477 Μ
236 2450 272 2507 et
296 2441 477 2506 secundum
501 2439 675 2501 scienciam
701 2440 749 2500 eis
775 2444 810 2501 et
834 2459 946 2501 eorum
973 2441 1109 2502 cuilibet
1130 2462 1150 2503 a
1172 2443 1241 2504 Deo
1265 2443 1387 2519 datam,

235 2538 386 2623 legendo,
402 2534 675 2617 psalmodisando‚
691 2539 726 2596 et
748 2535 913 2616 psallendo
938 2536 973 2598 in
996 2533 1093 2598 choro
1115 2539 1271 2618 praedicto
1294 2561 1386 2600 suam

235 2634 358 2698 faciant
382 2630 591 2712 praesenciam
612 2628 825 2710 personalem,
849 2631 1033 2713 vagacione,
1055 2632 1328 2710 confabulacione,
1351 2643 1387 2695 et

235 2730 308 2793 aliis
322 2726 510 2789 insolenciis
525 2726 613 2786 inter
630 2744 664 2786 se
679 2730 759 2786 tunc
775 2725 978 2788 cessantibus
993 2727 1261 2811 quibuscumque.
1298 2730 1386 2790 Item

62 2845 213 2896 vimnau
236 2825 320 2888 nulli
344 2823 384 2884 ad
408 2822 541 2884 vicarias
565 2826 716 2883 vacantes
739 2822 775 2882 in
800 2819 897 2883 choro
919 2822 1138 2886 admittantur
1160 2826 1224 2886 nisi
1247 2827 1303 2907 qui
1331 2846 1386 2887 ex-

61 2902 189 3013 ffiffd
237 2921 440 2986 aminacione
464 2938 571 2980 coram
594 2917 737 3000 capitulo
752 2917 804 2980 vel
827 2916 898 3001 ejus
920 2919 1028 2981 locum
1051 2925 1188 2984 tenente
1210 2920 1388 3004 praehabita

61 3036 124 3071 nes
237 3017 365 3081 inventi
395 3015 520 3078 fuerint
549 3013 674 3076 habiles
704 3014 849 3077 moribus
881 3020 916 3078 et
942 3018 1090 3079 sciencia.
1135 3019 1255 3081 Nullus
1284 3020 1388 3081 eciam

62 3130 102 3180 No
110 3131 178 3177 vicu
187 3141 215 3175 or
238 3115 377 3178 vicarius
404 3111 455 3174 vel
479 3111 564 3174 alter
587 3111 738 3173 minister
761 3111 903 3175 ecelesiae
933 3114 1095 3195 praedictas
1117 3120 1262 3198 tempore
1285 3116 1388 3178 divini

63 3189 208 3296 emm
239 3210 349 3274 cultus
365 3210 400 3272 in
416 3206 512 3270 choro
527 3205 716 3290 hujusmodi
739 3206 895 3270 celebrati
915 3210 950 3271 in
971 3212 1048 3273 navi
1062 3212 1165 3294 ipsius
1181 3212 1323 3274 ecclesiae
1337 3213 1390 3275 vel

64 3306 177 3415 ma
239 3307 304 3371 alio
318 3307 388 3368 loco
404 3303 549 3387 ejusdem
565 3304 609 3460 hi,
615 3301 732 3460 habgtu
753 3323 820 3461 sup)
827 3303 879 3366 vel
902 3305 1096 3463 sinpiplagari
1111 3313 1169 3369 aut
1184 3307 1225 3370 de
1240 3310 1392 3466 negpcip-

112 3426 117 3438 ·
259 3405 266 3419 ‘
490 3399 587 3461 tracti
611 3418 650 3459 us
696 3419 714 3460 e
762 3400 796 3460 ui
820 3419 859 3461 us
884 3420 957 3463 scan
1014 3423 1070 3464 um
1093 3404 1185 3465 orriri
1249 3405 1312 3466 teri
1373 3425 1391 3466 e

65 3427 165 3532 1111111
240 3401 603 3561 ξῒῖεθτονέιῑιιῑῖῗῃὶῖῒετθ
625 3514 659 3555 se
674 3419 861 3575 praellumat,
877 3502 912 3558 et
935 3497 1118 3560 similitera
1139 3425 1283 3562 mbeprdis
1305 3521 1393 3562 com-

66 3615 189 3676 'stem
242 3593 396 3655 munibus
418 3599 453 3653 et
476 3589 640 3652 consorcic
661 3588 838 3651 mulierum
858 3597 1092 3673 suspectarum,
1107 3615 1143 3656 ac
1159 3594 1239 3657 locis
1256 3601 1291 3659 et
1306 3602 1392 3658 tem·

68 3677 95 3722 ¹⁰
105 3674 218 3778 ‘'⁰¹⁶2ss
242 3688 375 3772 poribus
392 3686 549 3767 suspectis
565 3683 691 3758 stando,
708 3684 859 3761 sedendo,
872 3686 924 3747 vel
934 3686 1169 3750 confabulando
1178 3711 1254 3753 cum
1267 3692 1391 3754 eisdem

68 3735 187 3787 mm
245 3784 377 3848 omnino
401 3780 484 3841 dicti
509 3799 664 3860 personae,
690 3779 811 3856 vicarii,
836 3785 872 3841 et
896 3782 1039 3843 ministri
1067 3783 1123 3845 alii
1149 3784 1190 3847 de
1216 3794 1332 3850 caetero
1359 3809 1393 3849 se

244 3879 442 3953 abstineant,
472 3895 509 3937 ac
540 3873 600 3935 sub
630 3894 726 3955 poena
759 3875 942 3937 amissionis
978 3878 1149 3941 duodecim
1187 3883 1393 3945 denariorum

243 3977 342 4039 alicui
367 3976 558 4035 ornamento
584 3971 703 4031 summi
723 3970 834 4031 altaris
858 3971 1002 4035 ecclesiae
1027 3975 1205 4059 collegiatae
1231 3980 1394 4061 praedictae

246 4094 303 4155 per
318 4071 555 4132 avisamentum
579 4064 704 4147 praefati
727 4067 986 4129 reverendissimi
1011 4072 1112 4152 patris
1136 4079 1170 4134 et
1192 4076 1318 4136 consilii
1344 4079 1395 4138 sui

245 4165 521 4250 applicandorum,
537 4162 662 4223 tociens
677 4162 835 4242 quociens
847 4164 992 4244 ipsorum
1007 4166 1124 4248 aliquis
1139 4176 1251 4231 contra
1266 4172 1396 4234 ordina-

246 4266 355 4327 ciones
379 4260 549 4343 praedictas
566 4257 617 4318 vel
641 4277 753 4319 eorum
778 4257 920 4340 aliquam
945 4282 1051 4324 coram
1075 4264 1228 4344 praedicto
1253 4268 1397 4348 capitulo

68 4376 222 4427 assensum
247 4359 396 4443 legitime
411 4356 514 4418 fuerit
534 4355 711 4416 convictus.
756 4355 856 4432 Item,
871 4376 947 4417 cum
970 4379 1010 4420 ex
1025 4362 1262 4424 consuetudine
1286 4363 1398 4425 lauda-

66 4434 96 4482 ¹¹¹
108 4438 173 4486 rork
248 4456 306 4519 bili
321 4458 388 4516 tarn
405 4453 439 4515 in
456 4449 589 4513 ecclesie
613 4447 791 4512 cathedrali
808 4451 903 4514 Ebor.
920 4473 1017 4534 quam
1041 4455 1112 4517 aliis
1135 4456 1277 4520 ecclesiis
1300 4460 1397 4522 colle-
