<?xml version="1.0" encoding="UTF-8"?>
<!DOCTYPE html PUBLIC "-//W3C//DTD XHTML 1.0 Transitional//EN"
    "http://www.w3.org/TR/xhtml1/DTD/xhtml1-transitional.dtd">
<html xmlns="http://www.w3.org/1999/xhtml" xml:lang="en" lang="en">
 <head>
  <title>
</title>
<meta http-equiv="Content-Type" content="text/html;charset=utf-8" />
  <meta name='ocr-system' content='tesseract 3.04.00' />
  <meta name='ocr-capabilities' content='ocr_page ocr_carea ocr_par ocr_line ocrx_word'/>
</head>
<body>
  <div class='ocr_page' id='page_1' title='image "./memorialschurch04fowlgoog_0173.png"; bbox 0 0 2992 5010; ppageno 0'>
   <div class='ocr_carea' id='block_1_1' title="bbox 94 313 1059 400">
    <p class='ocr_par' dir='ltr' id='par_1_1' title="bbox 94 313 1059 400">
     <span class='ocr_line' id='line_1_1' title="bbox 94 313 1059 400; baseline 0.009 -11"><span class='ocrx_word' id='word_1_1' title='bbox 94 313 167 391; x_wconf 79' lang='lat'>158</span> <span class='ocrx_word' id='word_1_2' title='bbox 636 346 844 400; x_wconf 79' lang='lat' dir='ltr'>uauoauns</span> <span class='ocrx_word' id='word_1_3' title='bbox 869 347 914 399; x_wconf 76' lang='lat' dir='ltr'>or</span> <span class='ocrx_word' id='word_1_4' title='bbox 940 347 1059 399; x_wconf 72' lang='lat' dir='ltr'>arros.</span> 
     </span>
    </p>
   </div>
   <div class='ocr_carea' id='block_1_2' title="bbox 91 515 1485 2710">
    <p class='ocr_par' dir='ltr' id='par_1_2' title="bbox 91 515 1485 2710">
     <span class='ocr_line' id='line_1_2' title="bbox 268 515 1425 599; baseline 0.001 -22"><span class='ocrx_word' id='word_1_5' title='bbox 268 515 358 577; x_wconf 92' lang='lat' dir='ltr'>vobis</span> <span class='ocrx_word' id='word_1_6' title='bbox 380 517 551 578; x_wconf 90' lang='lat' dir='ltr'>commisso</span> <span class='ocrx_word' id='word_1_7' title='bbox 571 537 609 577; x_wconf 90' lang='lat' dir='ltr'>eo</span> <span class='ocrx_word' id='word_1_8' title='bbox 630 521 776 598; x_wconf 89' lang='lat' dir='ltr'>tempore</span> <span class='ocrx_word' id='word_1_9' title='bbox 799 536 863 597; x_wconf 93' lang='lat' dir='ltr'>quo</span> <span class='ocrx_word' id='word_1_10' title='bbox 885 516 1034 577; x_wconf 91' lang='lat' dir='ltr'>divinum</span> <span class='ocrx_word' id='word_1_11' title='bbox 1058 517 1229 578; x_wconf 81' lang='lat' dir='ltr'><strong>servicium</strong></span> <span class='ocrx_word' id='word_1_12' title='bbox 1249 520 1425 599; x_wconf 88' lang='lat' dir='ltr'>vestraque</span> 
     </span>
     <span class='ocr_line' id='line_1_3' title="bbox 268 612 1425 693; baseline 0.002 -22"><span class='ocrx_word' id='word_1_13' title='bbox 268 613 457 693; x_wconf 88' lang='lat' dir='ltr'>praedicaoio</span> <span class='ocrx_word' id='word_1_14' title='bbox 485 618 545 674; x_wconf 91' lang='lat' dir='ltr'>aut</span> <span class='ocrx_word' id='word_1_15' title='bbox 574 632 686 674; x_wconf 88' lang='lat' dir='ltr'>eorum</span> <span class='ocrx_word' id='word_1_16' title='bbox 712 632 793 692; x_wconf 91' lang='lat' dir='ltr'>quos</span> <span class='ocrx_word' id='word_1_17' title='bbox 820 612 855 672; x_wconf 93' lang='lat' dir='ltr'>in</span> <span class='ocrx_word' id='word_1_18' title='bbox 878 632 916 672; x_wconf 91' lang='lat' dir='ltr'>ea</span> <span class='ocrx_word' id='word_1_19' title='bbox 937 621 1029 693; x_wconf 89' lang='lat' dir='ltr'>parte</span> <span class='ocrx_word' id='word_1_20' title='bbox 1053 613 1210 692; x_wconf 86' lang='lat' dir='ltr'>deputare</span> <span class='ocrx_word' id='word_1_21' title='bbox 1241 612 1425 690; x_wconf 87' lang='lat' dir='ltr'>volueritis,</span> 
     </span>
     <span class='ocr_line' id='line_1_4' title="bbox 267 707 1424 790; baseline 0 -22"><span class='ocrx_word' id='word_1_22' title='bbox 267 707 449 770; x_wconf 81' lang='lat' dir='ltr'>nullatinus</span> <span class='ocrx_word' id='word_1_23' title='bbox 470 708 714 790; x_wconf 82' lang='lat' dir='ltr'>perturbentur,</span> <span class='ocrx_word' id='word_1_24' title='bbox 737 709 905 790; x_wconf 87' lang='lat' dir='ltr'>exponatis</span> <span class='ocrx_word' id='word_1_25' title='bbox 920 713 955 768; x_wconf 88' lang='lat' dir='ltr'>et</span> <span class='ocrx_word' id='word_1_26' title='bbox 968 708 1152 789; x_wconf 73' lang='lat' dir='ltr'>publicetiS,</span> <span class='ocrx_word' id='word_1_27' title='bbox 1168 729 1205 769; x_wconf 86' lang='lat' dir='ltr'>ac</span> <span class='ocrx_word' id='word_1_28' title='bbox 1219 729 1276 790; x_wconf 91' lang='lat' dir='ltr'>per</span> <span class='ocrx_word' id='word_1_29' title='bbox 1291 708 1424 769; x_wconf 93' lang='lat' dir='ltr'>eosdem</span> 
     </span>
     <span class='ocr_line' id='line_1_5' title="bbox 267 803 1424 886; baseline 0.002 -22"><span class='ocrx_word' id='word_1_30' title='bbox 267 809 489 884; x_wconf 83' lang='lat' dir='ltr'>procuratores</span> <span class='ocrx_word' id='word_1_31' title='bbox 506 823 564 865; x_wconf 92' lang='lat' dir='ltr'>seu</span> <span class='ocrx_word' id='word_1_32' title='bbox 579 803 756 865; x_wconf 89' lang='lat' dir='ltr'>eorundem</span> <span class='ocrx_word' id='word_1_33' title='bbox 771 803 914 884; x_wconf 83' lang='lat' dir='ltr'>aliquem</span> <span class='ocrx_word' id='word_1_34' title='bbox 929 805 1046 884; x_wconf 84' lang='lat' dir='ltr'>exponi</span> <span class='ocrx_word' id='word_1_35' title='bbox 1056 810 1090 864; x_wconf 91' lang='lat' dir='ltr'>et</span> <span class='ocrx_word' id='word_1_36' title='bbox 1106 804 1265 884; x_wconf 88' lang='lat' dir='ltr'>publicari</span> <span class='ocrx_word' id='word_1_37' title='bbox 1274 809 1424 886; x_wconf 88' lang='lat' dir='ltr'>tempore</span> 
     </span>
     <span class='ocr_line' id='line_1_6' title="bbox 268 898 1426 984; baseline 0.002 -24"><span class='ocrx_word' id='word_1_38' title='bbox 268 899 424 980; x_wconf 85' lang='lat' dir='ltr'>praedicto</span> <span class='ocrx_word' id='word_1_39' title='bbox 446 899 548 962; x_wconf 90' lang='lat' dir='ltr'>libere</span> <span class='ocrx_word' id='word_1_40' title='bbox 571 901 779 981; x_wconf 84' lang='lat' dir='ltr'>permittatis,</span> <span class='ocrx_word' id='word_1_41' title='bbox 793 898 941 981; x_wconf 87' lang='lat' dir='ltr'>illudque</span> <span class='ocrx_word' id='word_1_42' title='bbox 956 901 1048 981; x_wconf 93' lang='lat' dir='ltr'>pium</span> <span class='ocrx_word' id='word_1_43' title='bbox 1064 902 1235 984; x_wconf 84' lang='lat' dir='ltr'>negocium</span> <span class='ocrx_word' id='word_1_44' title='bbox 1251 901 1426 962; x_wconf 86' lang='lat' dir='ltr'>efficaciter</span> 
     </span>
     <span class='ocr_line' id='line_1_7' title="bbox 266 995 1425 1077; baseline 0.003 -23"><span class='ocrx_word' id='word_1_45' title='bbox 266 997 481 1075; x_wconf 90' lang='lat' dir='ltr'>promoveatis</span> <span class='ocrx_word' id='word_1_46' title='bbox 507 996 605 1058; x_wconf 88' lang='lat' dir='ltr'>verbo</span> <span class='ocrx_word' id='word_1_47' title='bbox 630 996 753 1077; x_wconf 85' lang='lat' dir='ltr'>pariter</span> <span class='ocrx_word' id='word_1_48' title='bbox 774 999 809 1057; x_wconf 89' lang='lat' dir='ltr'>et</span> <span class='ocrx_word' id='word_1_49' title='bbox 831 995 990 1077; x_wconf 87' lang='lat' dir='ltr'>exemp10,</span> <span class='ocrx_word' id='word_1_50' title='bbox 1012 997 1205 1058; x_wconf 86' lang='lat' dir='ltr'>mandantes</span> <span class='ocrx_word' id='word_1_51' title='bbox 1228 996 1367 1058; x_wconf 87' lang='lat' dir='ltr'>firmiter</span> <span class='ocrx_word' id='word_1_52' title='bbox 1389 1001 1425 1058; x_wconf 91' lang='lat' dir='ltr'>et</span> 
     </span>
     <span class='ocr_line' id='line_1_8' title="bbox 265 1089 1424 1174; baseline 0.003 -23"><span class='ocrx_word' id='word_1_53' title='bbox 265 1089 479 1173; x_wconf 79' lang='lat' dir='ltr'>injungentes</span> <span class='ocrx_word' id='word_1_54' title='bbox 500 1092 657 1173; x_wconf 80' lang='lat' dir='ltr'>quatinus</span> <span class='ocrx_word' id='word_1_55' title='bbox 675 1092 762 1173; x_wconf 92' lang='lat' dir='ltr'>quod</span> <span class='ocrx_word' id='word_1_56' title='bbox 778 1112 816 1153; x_wconf 85' lang='lat' dir='ltr'>ex</span> <span class='ocrx_word' id='word_1_57' title='bbox 839 1090 1017 1154; x_wconf 88' lang='lat' dir='ltr'>donacione</span> <span class='ocrx_word' id='word_1_58' title='bbox 1032 1091 1180 1153; x_wconf 91' lang='lat' dir='ltr'>fidelium</span> <span class='ocrx_word' id='word_1_59' title='bbox 1195 1092 1230 1153; x_wconf 94' lang='lat' dir='ltr'>in</span> <span class='ocrx_word' id='word_1_60' title='bbox 1253 1090 1313 1154; x_wconf 88' lang='lat' dir='ltr'>hac</span> <span class='ocrx_word' id='word_1_61' title='bbox 1328 1095 1424 1174; x_wconf 87' lang='lat' dir='ltr'>parte</span> 
     </span>
     <span class='ocr_line' id='line_1_9' title="bbox 266 1183 1485 1269; baseline 0.003 -24"><span class='ocrx_word' id='word_1_62' title='bbox 266 1183 421 1246; x_wconf 85' lang='lat' dir='ltr'>collatum</span> <span class='ocrx_word' id='word_1_63' title='bbox 436 1206 495 1247; x_wconf 91' lang='lat' dir='ltr'>seu</span> <span class='ocrx_word' id='word_1_64' title='bbox 510 1186 668 1269; x_wconf 86' lang='lat' dir='ltr'>legatum,</span> <span class='ocrx_word' id='word_1_65' title='bbox 683 1187 717 1248; x_wconf 94' lang='lat' dir='ltr'>id</span> <span class='ocrx_word' id='word_1_66' title='bbox 735 1187 814 1269; x_wconf 92' lang='lat' dir='ltr'>ipsis</span> <span class='ocrx_word' id='word_1_67' title='bbox 836 1187 1096 1269; x_wconf 83' lang='lat' dir='ltr'>procuratoribus</span> <span class='ocrx_word' id='word_1_68' title='bbox 1112 1208 1170 1250; x_wconf 91' lang='lat' dir='ltr'>seu</span> <span class='ocrx_word' id='word_1_69' title='bbox 1185 1208 1299 1249; x_wconf 89' lang='lat' dir='ltr'>eorum</span> <span class='ocrx_word' id='word_1_70' title='bbox 1322 1187 1424 1249; x_wconf 85' lang='lat' dir='ltr'>alicui</span> <span class='ocrx_word' id='word_1_71' title='bbox 1482 1216 1485 1221; x_wconf 56' lang='lat'>&gt;</span> 
     </span>
     <span class='ocr_line' id='line_1_10' title="bbox 266 1278 1422 1345; baseline 0.002 -4"><span class='ocrx_word' id='word_1_72' title='bbox 266 1278 392 1342; x_wconf 88' lang='lat' dir='ltr'>faciat-is</span> <span class='ocrx_word' id='word_1_73' title='bbox 421 1280 572 1343; x_wconf 88' lang='lat' dir='ltr'>celeriter</span> <span class='ocrx_word' id='word_1_74' title='bbox 600 1281 742 1344; x_wconf 87' lang='lat' dir='ltr'>liberari.</span> <span class='ocrx_word' id='word_1_75' title='bbox 787 1283 832 1344; x_wconf 87' lang='lat' dir='ltr'>Et</span> <span class='ocrx_word' id='word_1_76' title='bbox 853 1286 893 1344; x_wconf 92' lang='lat' dir='ltr'>ut</span> <span class='ocrx_word' id='word_1_77' title='bbox 921 1288 1049 1344; x_wconf 85' lang='lat' dir='ltr'>mentes</span> <span class='ocrx_word' id='word_1_78' title='bbox 1079 1289 1201 1344; x_wconf 88' lang='lat' dir='ltr'>vestras</span> <span class='ocrx_word' id='word_1_79' title='bbox 1225 1283 1422 1345; x_wconf 84' lang='lat' dir='ltr'>stallorum</span> 
     </span>
     <span class='ocr_line' id='line_1_11' title="bbox 267 1363 1422 1461; baseline 0.002 -23"><span class='ocrx_word' id='word_1_80' title='bbox 267 1374 388 1439; x_wconf 84' lang='lat' dir='ltr'>Christi</span> <span class='ocrx_word' id='word_1_81' title='bbox 412 1377 559 1440; x_wconf 79' lang='lat' dir='ltr'>fidebam</span> <span class='ocrx_word' id='word_1_82' title='bbox 582 1379 623 1440; x_wconf 92' lang='lat' dir='ltr'>ad</span> <span class='ocrx_word' id='word_1_83' title='bbox 645 1380 815 1459; x_wconf 73' lang='lat' dir='ltr'>praemissa,</span> <span class='ocrx_word' id='word_1_84' title='bbox 832 1363 1023 1461; x_wconf 85' lang='lat' dir='ltr'>propensius</span> <span class='ocrx_word' id='word_1_85' title='bbox 1039 1380 1230 1456; x_wconf 83' lang='lat' dir='ltr'>excitemus,</span> <span class='ocrx_word' id='word_1_86' title='bbox 1246 1379 1287 1441; x_wconf 93' lang='lat' dir='ltr'>de</span> <span class='ocrx_word' id='word_1_87' title='bbox 1304 1378 1422 1442; x_wconf 90' lang='lat' dir='ltr'>Omni-</span> 
     </span>
     <span class='ocr_line' id='line_1_12' title="bbox 267 1474 1422 1558; baseline 0.002 -23"><span class='ocrx_word' id='word_1_88' title='bbox 267 1475 410 1556; x_wconf 89' lang='lat' dir='ltr'>potentis</span> <span class='ocrx_word' id='word_1_89' title='bbox 434 1474 593 1536; x_wconf 90' lang='lat' dir='ltr'>immensa</span> <span class='ocrx_word' id='word_1_90' title='bbox 615 1475 835 1537; x_wconf 85' lang='lat' dir='ltr'>misericordia</span> <span class='ocrx_word' id='word_1_91' title='bbox 860 1481 895 1537; x_wconf 90' lang='lat' dir='ltr'>et</span> <span class='ocrx_word' id='word_1_92' title='bbox 917 1475 1119 1537; x_wconf 75' lang='lat' dir='ltr'>Beatissimae</span> <span class='ocrx_word' id='word_1_93' title='bbox 1141 1476 1286 1558; x_wconf 86' lang='lat' dir='ltr'>Virginis</span> <span class='ocrx_word' id='word_1_94' title='bbox 1307 1475 1422 1537; x_wconf 83' lang='lat' dir='ltr'>Mariae</span> 
     </span>
     <span class='ocr_line' id='line_1_13' title="bbox 267 1570 1423 1654; baseline 0.001 -22"><span class='ocrx_word' id='word_1_95' title='bbox 267 1570 401 1654; x_wconf 87' lang='lat' dir='ltr'>virginis</span> <span class='ocrx_word' id='word_1_96' title='bbox 424 1571 537 1633; x_wconf 88' lang='lat' dir='ltr'>matris</span> <span class='ocrx_word' id='word_1_97' title='bbox 560 1591 636 1647; x_wconf 82' lang='lat' dir='ltr'>suae,</span> <span class='ocrx_word' id='word_1_98' title='bbox 659 1591 695 1633; x_wconf 90' lang='lat' dir='ltr'>ac</span> <span class='ocrx_word' id='word_1_99' title='bbox 711 1572 886 1633; x_wconf 83' lang='lat' dir='ltr'>Beatorum</span> <span class='ocrx_word' id='word_1_100' title='bbox 909 1570 1000 1633; x_wconf 92' lang='lat' dir='ltr'>Petri</span> <span class='ocrx_word' id='word_1_101' title='bbox 1024 1576 1058 1634; x_wconf 92' lang='lat' dir='ltr'>et</span> <span class='ocrx_word' id='word_1_102' title='bbox 1081 1571 1175 1633; x_wconf 89' lang='lat' dir='ltr'>Pauli</span> <span class='ocrx_word' id='word_1_103' title='bbox 1191 1571 1423 1654; x_wconf 84' lang='lat' dir='ltr'>Apostolorum</span> 
     </span>
     <span class='ocr_line' id='line_1_14' title="bbox 91 1666 1423 1754; baseline 0.002 -26"><span class='ocrx_word' id='word_1_104' title='bbox 91 1672 200 1722; x_wconf 63' lang='lat' dir='ltr'>&amp;Wil-</span> <span class='ocrx_word' id='word_1_105' title='bbox 267 1666 351 1750; x_wconf 89' lang='lat' dir='ltr'>ejus,</span> <span class='ocrx_word' id='word_1_106' title='bbox 381 1688 507 1731; x_wconf 89' lang='lat' dir='ltr'>necnon</span> <span class='ocrx_word' id='word_1_107' title='bbox 537 1675 722 1730; x_wconf 84' lang='lat' dir='ltr'>sanctorum</span> <span class='ocrx_word' id='word_1_108' title='bbox 752 1667 970 1731; x_wconf 86' lang='lat' dir='ltr'>confessorum</span> <span class='ocrx_word' id='word_1_109' title='bbox 991 1667 1169 1754; x_wconf 69' lang='lat' dir='ltr'>Wlilfridi)</span> <span class='ocrx_word' id='word_1_110' title='bbox 1191 1668 1359 1752; x_wconf 71' lang='lat' dir='ltr'>Jolannis)</span> <span class='ocrx_word' id='word_1_111' title='bbox 1386 1674 1423 1731; x_wconf 88' lang='lat' dir='ltr'>et</span> 
     </span>
     <span class='ocr_line' id='line_1_15' title="bbox 91 1732 1422 1850; baseline 0.002 -25"><span class='ocrx_word' id='word_1_112' title='bbox 91 1732 196 1839; x_wconf 48' lang='lat' dir='ltr'>ffiffllf</span> <span class='ocrx_word' id='word_1_113' title='bbox 267 1762 457 1850; x_wconf 88' lang='lat' dir='ltr'>W(illelmi)</span> <span class='ocrx_word' id='word_1_114' title='bbox 468 1771 677 1847; x_wconf 90' lang='lat' dir='ltr'>patronorum</span> <span class='ocrx_word' id='word_1_115' title='bbox 688 1771 881 1844; x_wconf 87' lang='lat' dir='ltr'>nostrorum,</span> <span class='ocrx_word' id='word_1_116' title='bbox 891 1764 1110 1847; x_wconf 89' lang='lat' dir='ltr'>Omniumque</span> <span class='ocrx_word' id='word_1_117' title='bbox 1122 1766 1311 1828; x_wconf 89' lang='lat' dir='ltr'>Sanctorum</span> <span class='ocrx_word' id='word_1_118' title='bbox 1324 1765 1422 1827; x_wconf 85' lang='lat' dir='ltr'>sacris</span> 
     </span>
     <span class='ocr_line' id='line_1_16' title="bbox 93 1848 1421 1956; baseline -0.002 -32"><span class='ocrx_word' id='word_1_119' title='bbox 93 1848 218 1956; x_wconf 52' lang='lat' dir='ltr'>fflfflflr</span> <span class='ocrx_word' id='word_1_120' title='bbox 266 1862 393 1924; x_wconf 88' lang='lat' dir='ltr'>meritis</span> <span class='ocrx_word' id='word_1_121' title='bbox 415 1867 451 1924; x_wconf 87' lang='lat' dir='ltr'>at</span> <span class='ocrx_word' id='word_1_122' title='bbox 468 1863 618 1944; x_wconf 87' lang='lat' dir='ltr'>precibus</span> <span class='ocrx_word' id='word_1_123' title='bbox 636 1861 848 1938; x_wconf 85' lang='lat' dir='ltr'>confidentes,</span> <span class='ocrx_word' id='word_1_124' title='bbox 863 1862 989 1922; x_wconf 87' lang='lat' dir='ltr'>cunctis</span> <span class='ocrx_word' id='word_1_125' title='bbox 1005 1860 1205 1924; x_wconf 87' lang='lat' dir='ltr'>Christicolis</span> <span class='ocrx_word' id='word_1_126' title='bbox 1220 1881 1277 1943; x_wconf 88' lang='lat' dir='ltr'>per</span> <span class='ocrx_word' id='word_1_127' title='bbox 1292 1866 1421 1923; x_wconf 90' lang='lat' dir='ltr'>nostras</span> 
     </span>
     <span class='ocr_line' id='line_1_17' title="bbox 93 1957 1422 2039; baseline 0.005 -25"><span class='ocrx_word' id='word_1_128' title='bbox 93 1965 208 2016; x_wconf 69' lang='lat' dir='ltr'>wuum</span> <span class='ocrx_word' id='word_1_129' title='bbox 266 1958 433 2020; x_wconf 80' lang='lat' dir='ltr'>civitatem</span> <span class='ocrx_word' id='word_1_130' title='bbox 455 1963 489 2021; x_wconf 89' lang='lat' dir='ltr'>et</span> <span class='ocrx_word' id='word_1_131' title='bbox 511 1957 677 2020; x_wconf 86' lang='lat' dir='ltr'>dioecesim</span> <span class='ocrx_word' id='word_1_132' title='bbox 699 1957 840 2020; x_wconf 92' lang='lat' dir='ltr'>ubilibet</span> <span class='ocrx_word' id='word_1_133' title='bbox 862 1958 1061 2034; x_wconf 89' lang='lat' dir='ltr'>constitutis,</span> <span class='ocrx_word' id='word_1_134' title='bbox 1084 1958 1140 2039; x_wconf 91' lang='lat' dir='ltr'>qui</span> <span class='ocrx_word' id='word_1_135' title='bbox 1155 1957 1196 2019; x_wconf 91' lang='lat' dir='ltr'>de</span> <span class='ocrx_word' id='word_1_136' title='bbox 1211 1958 1305 2019; x_wconf 87' lang='lat' dir='ltr'>bonis</span> <span class='ocrx_word' id='word_1_137' title='bbox 1322 1957 1386 2019; x_wconf 93' lang='lat' dir='ltr'>sibi</span> <span class='ocrx_word' id='word_1_138' title='bbox 1401 1978 1422 2020; x_wconf 91' lang='lat' dir='ltr'>a</span> 
     </span>
     <span class='ocr_line' id='line_1_18' title="bbox 266 2053 1421 2138; baseline -0.002 -19"><span class='ocrx_word' id='word_1_139' title='bbox 266 2057 335 2119; x_wconf 89' lang='lat' dir='ltr'>Deo</span> <span class='ocrx_word' id='word_1_140' title='bbox 349 2055 475 2118; x_wconf 88' lang='lat' dir='ltr'>collatis</span> <span class='ocrx_word' id='word_1_141' title='bbox 490 2055 598 2137; x_wconf 91' lang='lat' dir='ltr'>aliqua</span> <span class='ocrx_word' id='word_1_142' title='bbox 611 2053 744 2138; x_wconf 84' lang='lat' dir='ltr'>praefato</span> <span class='ocrx_word' id='word_1_143' title='bbox 759 2053 911 2136; x_wconf 89' lang='lat' dir='ltr'>hospitali</span> <span class='ocrx_word' id='word_1_144' title='bbox 926 2053 1138 2132; x_wconf 86' lang='lat' dir='ltr'>contulerint,</span> <span class='ocrx_word' id='word_1_145' title='bbox 1152 2054 1344 2138; x_wconf 85' lang='lat' dir='ltr'>legaverint,</span> <span class='ocrx_word' id='word_1_146' title='bbox 1361 2075 1421 2117; x_wconf 92' lang='lat' dir='ltr'>seu</span> 
     </span>
     <span class='ocr_line' id='line_1_19' title="bbox 265 2150 1420 2235; baseline -0.003 -21"><span class='ocrx_word' id='word_1_147' title='bbox 265 2152 475 2235; x_wconf 87' lang='lat' dir='ltr'>quovismodo</span> <span class='ocrx_word' id='word_1_148' title='bbox 497 2152 735 2234; x_wconf 81' lang='lat' dir='ltr'>assignaverint</span> <span class='ocrx_word' id='word_1_149' title='bbox 758 2150 902 2213; x_wconf 88' lang='lat' dir='ltr'>subsidia</span> <span class='ocrx_word' id='word_1_150' title='bbox 926 2151 1083 2226; x_wconf 83' lang='lat' dir='ltr'>caritatis,</span> <span class='ocrx_word' id='word_1_151' title='bbox 1109 2151 1233 2212; x_wconf 87' lang='lat' dir='ltr'>tociens</span> <span class='ocrx_word' id='word_1_152' title='bbox 1263 2151 1420 2233; x_wconf 88' lang='lat' dir='ltr'>quociens</span> 
     </span>
     <span class='ocr_line' id='line_1_20' title="bbox 265 2246 1421 2330; baseline 0 -22"><span class='ocrx_word' id='word_1_153' title='bbox 265 2249 430 2330; x_wconf 76' lang='lat' dir='ltr'>praemissa</span> <span class='ocrx_word' id='word_1_154' title='bbox 451 2267 509 2308; x_wconf 91' lang='lat' dir='ltr'>seu</span> <span class='ocrx_word' id='word_1_155' title='bbox 531 2266 643 2308; x_wconf 89' lang='lat' dir='ltr'>eorum</span> <span class='ocrx_word' id='word_1_156' title='bbox 664 2246 795 2327; x_wconf 86' lang='lat' dir='ltr'>aliquod</span> <span class='ocrx_word' id='word_1_157' title='bbox 817 2246 966 2322; x_wconf 85' lang='lat' dir='ltr'>fecerint,</span> <span class='ocrx_word' id='word_1_158' title='bbox 988 2247 1204 2329; x_wconf 84' lang='lat' dir='ltr'>quadraginta</span> <span class='ocrx_word' id='word_1_159' title='bbox 1222 2246 1291 2307; x_wconf 92' lang='lat' dir='ltr'>dies</span> <span class='ocrx_word' id='word_1_160' title='bbox 1309 2246 1421 2308; x_wconf 93' lang='lat' dir='ltr'>indul-</span> 
     </span>
     <span class='ocr_line' id='line_1_21' title="bbox 265 2342 1421 2425; baseline 0 -21"><span class='ocrx_word' id='word_1_161' title='bbox 265 2343 388 2425; x_wconf 86' lang='lat' dir='ltr'>genciae</span> <span class='ocrx_word' id='word_1_162' title='bbox 402 2343 543 2424; x_wconf 87' lang='lat' dir='ltr'>graciose</span> <span class='ocrx_word' id='word_1_163' title='bbox 559 2342 765 2404; x_wconf 86' lang='lat' dir='ltr'>concedimus</span> <span class='ocrx_word' id='word_1_164' title='bbox 780 2362 838 2423; x_wconf 88' lang='lat' dir='ltr'>per</span> <span class='ocrx_word' id='word_1_165' title='bbox 853 2348 1039 2422; x_wconf 75' lang='lat' dir='ltr'>praesenteS,</span> <span class='ocrx_word' id='word_1_166' title='bbox 1055 2343 1096 2404; x_wconf 89' lang='lat' dir='ltr'>ad</span> <span class='ocrx_word' id='word_1_167' title='bbox 1113 2342 1293 2404; x_wconf 87' lang='lat' dir='ltr'>triennium</span> <span class='ocrx_word' id='word_1_168' title='bbox 1307 2361 1326 2402; x_wconf 92' lang='lat' dir='ltr'>a</span> <span class='ocrx_word' id='word_1_169' title='bbox 1341 2342 1421 2404; x_wconf 85' lang='lat' dir='ltr'>data</span> 
     </span>
     <span class='ocr_line' id='line_1_22' title="bbox 265 2436 1417 2520; baseline 0.001 -21"><span class='ocrx_word' id='word_1_170' title='bbox 265 2438 480 2520; x_wconf 86' lang='lat' dir='ltr'>praesencium</span> <span class='ocrx_word' id='word_1_171' title='bbox 503 2437 658 2499; x_wconf 88' lang='lat' dir='ltr'>continue</span> <span class='ocrx_word' id='word_1_172' title='bbox 673 2437 911 2498; x_wconf 89' lang='lat' dir='ltr'>numerandum</span> <span class='ocrx_word' id='word_1_173' title='bbox 926 2436 1097 2500; x_wconf 87' lang='lat' dir='ltr'>dumtaxat</span> <span class='ocrx_word' id='word_1_174' title='bbox 1111 2437 1292 2500; x_wconf 87' lang='lat' dir='ltr'>duraturas.</span> <span class='ocrx_word' id='word_1_175' title='bbox 1339 2436 1417 2500; x_wconf 89' lang='lat' dir='ltr'>Dat.</span> 
     </span>
     <span class='ocr_line' id='line_1_23' title="bbox 266 2531 1418 2614; baseline 0.001 -20"><span class='ocrx_word' id='word_1_176' title='bbox 266 2537 376 2594; x_wconf 89' lang='lat' dir='ltr'>nostro</span> <span class='ocrx_word' id='word_1_177' title='bbox 399 2532 459 2594; x_wconf 92' lang='lat' dir='ltr'>sub</span> <span class='ocrx_word' id='word_1_178' title='bbox 482 2532 599 2614; x_wconf 90' lang='lat' dir='ltr'>sigillo,</span> <span class='ocrx_word' id='word_1_179' title='bbox 620 2533 655 2592; x_wconf 93' lang='lat' dir='ltr'>in</span> <span class='ocrx_word' id='word_1_180' title='bbox 675 2532 819 2594; x_wconf 90' lang='lat' dir='ltr'>manerio</span> <span class='ocrx_word' id='word_1_181' title='bbox 844 2538 955 2594; x_wconf 89' lang='lat' dir='ltr'>nostro</span> <span class='ocrx_word' id='word_1_182' title='bbox 981 2534 1021 2594; x_wconf 90' lang='lat' dir='ltr'>de</span> <span class='ocrx_word' id='word_1_183' title='bbox 1047 2531 1215 2606; x_wconf 85' lang='lat' dir='ltr'>Suthvvell,</span> <span class='ocrx_word' id='word_1_184' title='bbox 1238 2533 1340 2594; x_wconf 87' lang='lat' dir='ltr'>tercio</span> <span class='ocrx_word' id='word_1_185' title='bbox 1363 2534 1418 2595; x_wconf 92' lang='lat' dir='ltr'>die</span> 
     </span>
     <span class='ocr_line' id='line_1_24' title="bbox 266 2627 1419 2710; baseline 0.001 -20"><span class='ocrx_word' id='word_1_186' title='bbox 266 2628 397 2710; x_wconf 83' lang='lat' dir='ltr'>Aprilis,</span> <span class='ocrx_word' id='word_1_187' title='bbox 419 2629 514 2689; x_wconf 91' lang='lat' dir='ltr'>Anno</span> <span class='ocrx_word' id='word_1_188' title='bbox 543 2627 675 2689; x_wconf 92' lang='lat' dir='ltr'>Domini</span> <span class='ocrx_word' id='word_1_189' title='bbox 699 2627 963 2706; x_wconf 82' lang='lat' dir='ltr'>m⁰ccoo¹⁰⁰lxxix⁰,</span> <span class='ocrx_word' id='word_1_190' title='bbox 988 2633 1022 2690; x_wconf 88' lang='lat' dir='ltr'>et</span> <span class='ocrx_word' id='word_1_191' title='bbox 1044 2633 1162 2690; x_wconf 79' lang='lat' dir='ltr'>nostrae</span> <span class='ocrx_word' id='word_1_192' title='bbox 1191 2629 1419 2692; x_wconf 87' lang='lat' dir='ltr'>translacionis</span> 
     </span>
    </p>
   </div>
   <div class='ocr_carea' id='block_1_3' title="bbox 265 2724 477 2787">
    <p class='ocr_par' dir='ltr' id='par_1_3' title="bbox 265 2724 477 2787">
     <span class='ocr_line' id='line_1_25' title="bbox 265 2724 477 2787; baseline 0.005 -1"><span class='ocrx_word' id='word_1_193' title='bbox 265 2744 352 2786; x_wconf 91' lang='lat' dir='ltr'>anno</span> <span class='ocrx_word' id='word_1_194' title='bbox 366 2724 477 2787; x_wconf 77' lang='lat' dir='ltr'>tercio</span> 
     </span>
    </p>
   </div>
   <div class='ocr_carea' id='block_1_4' title="bbox 93 2858 1418 2947">
    <p class='ocr_par' dir='ltr' id='par_1_4' title="bbox 93 2858 1418 2947">
     <span class='ocr_line' id='line_1_26' title="bbox 93 2858 1418 2947; baseline 0.007 -29"><span class='ocrx_word' id='word_1_195' title='bbox 93 2870 182 2929; x_wconf 73' lang='lat' dir='ltr'>(aas.)</span> <span class='ocrx_word' id='word_1_196' title='bbox 333 2859 492 2923; x_wconf 92' lang='lat' dir='ltr'>Omnibus</span> <span class='ocrx_word' id='word_1_197' title='bbox 523 2858 795 2924; x_wconf 86' lang='lat' dir='ltr'>Christifidelibus</span> <span class='ocrx_word' id='word_1_198' title='bbox 821 2860 862 2922; x_wconf 87' lang='lat' dir='ltr'>ad</span> <span class='ocrx_word' id='word_1_199' title='bbox 885 2881 966 2943; x_wconf 93' lang='lat' dir='ltr'>quos</span> <span class='ocrx_word' id='word_1_200' title='bbox 995 2861 1055 2925; x_wconf 90' lang='lat' dir='ltr'>hoc</span> <span class='ocrx_word' id='word_1_201' title='bbox 1085 2884 1225 2946; x_wconf 86' lang='lat' dir='ltr'>praesens</span> <span class='ocrx_word' id='word_1_202' title='bbox 1255 2865 1418 2947; x_wconf 89' lang='lat' dir='ltr'>scriptum</span> 
     </span>
    </p>
   </div>
   <div class='ocr_carea' id='block_1_5' title="bbox 91 2929 1418 3048">
    <p class='ocr_par' dir='ltr' id='par_1_5' title="bbox 91 2929 1418 3048">
     <span class='ocr_line' id='line_1_27' title="bbox 91 2929 1418 3048; baseline 0.002 -27"><span class='ocrx_word' id='word_1_203' title='bbox 91 2929 220 3048; x_wconf 42' lang='lat' dir='ltr'>iffa</span> <span class='ocrx_word' id='word_1_204' title='bbox 266 2957 460 3039; x_wconf 88' lang='lat' dir='ltr'>pervenerit,</span> <span class='ocrx_word' id='word_1_205' title='bbox 497 2957 706 3035; x_wconf 88' lang='lat' dir='ltr'>Laurencius,</span> <span class='ocrx_word' id='word_1_206' title='bbox 743 2958 954 3040; x_wconf 87' lang='lat' dir='ltr'>permissione</span> <span class='ocrx_word' id='word_1_207' title='bbox 995 2958 1123 3035; x_wconf 82' lang='lat' dir='ltr'>Divina,</span> <span class='ocrx_word' id='word_1_208' title='bbox 1161 2965 1224 3023; x_wconf 87' lang='lat' dir='ltr'>etc.</span> <span class='ocrx_word' id='word_1_209' title='bbox 1263 2962 1418 3041; x_wconf 87' lang='lat' dir='ltr'>salutem,</span> 
     </span>
    </p>
   </div>
   <div class='ocr_carea' id='block_1_6' title="bbox 85 3052 1418 4540">
    <p class='ocr_par' dir='ltr' id='par_1_6' title="bbox 85 3052 1418 4540">
     <span class='ocr_line' id='line_1_28' title="bbox 95 3052 1417 3144; baseline 0.007 -31"><span class='ocrx_word' id='word_1_210' title='bbox 95 3071 229 3144; x_wconf 42' lang='lat' dir='ltr'>Md&amp;</span> <span class='ocrx_word' id='word_1_211' title='bbox 265 3054 417 3138; x_wconf 78' lang='lat' dir='ltr'>graciam,</span> <span class='ocrx_word' id='word_1_212' title='bbox 433 3057 468 3114; x_wconf 90' lang='lat' dir='ltr'>et</span> <span class='ocrx_word' id='word_1_213' title='bbox 482 3052 757 3117; x_wconf 90' lang='lat' dir='ltr'>benediccionem.</span> <span class='ocrx_word' id='word_1_214' title='bbox 804 3052 919 3116; x_wconf 86' lang='lat' dir='ltr'>Sciatis</span> <span class='ocrx_word' id='word_1_215' title='bbox 942 3074 1000 3115; x_wconf 92' lang='lat' dir='ltr'>nos</span> <span class='ocrx_word' id='word_1_216' title='bbox 1021 3057 1225 3134; x_wconf 87' lang='lat' dir='ltr'>concessisse,</span> <span class='ocrx_word' id='word_1_217' title='bbox 1241 3058 1417 3122; x_wconf 87' lang='lat' dir='ltr'>tradidisse</span> 
     </span>
     <span class='ocr_line' id='line_1_29' title="bbox 89 3133 1418 3248; baseline 0.002 -36"><span class='ocrx_word' id='word_1_218' title='bbox 89 3133 241 3248; x_wconf 51' lang='lat' dir='ltr'>wrm</span> <span class='ocrx_word' id='word_1_219' title='bbox 265 3154 301 3212; x_wconf 91' lang='lat' dir='ltr'>et</span> <span class='ocrx_word' id='word_1_220' title='bbox 327 3150 368 3211; x_wconf 92' lang='lat' dir='ltr'>ad</span> <span class='ocrx_word' id='word_1_221' title='bbox 391 3148 517 3210; x_wconf 85' lang='lat' dir='ltr'>firmam</span> <span class='ocrx_word' id='word_1_222' title='bbox 542 3150 713 3228; x_wconf 88' lang='lat' dir='ltr'>dimisisse,</span> <span class='ocrx_word' id='word_1_223' title='bbox 737 3149 869 3211; x_wconf 90' lang='lat' dir='ltr'>domino</span> <span class='ocrx_word' id='word_1_224' title='bbox 894 3148 1060 3210; x_wconf 88' lang='lat' dir='ltr'>Willelmo</span> <span class='ocrx_word' id='word_1_225' title='bbox 1091 3149 1208 3226; x_wconf 88' lang='lat' dir='ltr'>Baker,</span> <span class='ocrx_word' id='word_1_226' title='bbox 1237 3152 1418 3233; x_wconf 85' lang='lat' dir='ltr'>capellano,</span> 
     </span>
     <span class='ocr_line' id='line_1_30' title="bbox 90 3244 1417 3329; baseline 0.003 -21"><span class='ocrx_word' id='word_1_227' title='bbox 90 3249 225 3322; x_wconf 52' lang='lat' dir='ltr'>amasse</span> <span class='ocrx_word' id='word_1_228' title='bbox 265 3246 398 3308; x_wconf 90' lang='lat' dir='ltr'>domum</span> <span class='ocrx_word' id='word_1_229' title='bbox 422 3247 489 3308; x_wconf 92' lang='lat' dir='ltr'>sive</span> <span class='ocrx_word' id='word_1_230' title='bbox 512 3246 681 3308; x_wconf 91' lang='lat' dir='ltr'>ecclesiam</span> <span class='ocrx_word' id='word_1_231' title='bbox 703 3266 778 3307; x_wconf 90' lang='lat' dir='ltr'>cum</span> <span class='ocrx_word' id='word_1_232' title='bbox 794 3244 976 3328; x_wconf 90' lang='lat' dir='ltr'>curtilagio,</span> <span class='ocrx_word' id='word_1_233' title='bbox 992 3251 1137 3307; x_wconf 86' lang='lat' dir='ltr'>vocatam</span> <span class='ocrx_word' id='word_1_234' title='bbox 1153 3247 1363 3329; x_wconf 75' lang='lat' dir='ltr'>Leudykirlr,l</span> <span class='ocrx_word' id='word_1_235' title='bbox 1379 3251 1417 3312; x_wconf 91' lang='lat' dir='ltr'>in</span> 
     </span>
     <span class='ocr_line' id='line_1_31' title="bbox 89 3309 1417 3426; baseline 0.001 -20"><span class='ocrx_word' id='word_1_236' title='bbox 89 3309 224 3414; x_wconf 51' lang='grc' dir='ltr'>ἴηΐῖΐηῑ.</span> <span class='ocrx_word' id='word_1_237' title='bbox 265 3343 516 3426; x_wconf 85' lang='lat' dir='ltr'>Steynbriggate</span> <span class='ocrx_word' id='word_1_238' title='bbox 527 3341 612 3403; x_wconf 87' lang='lat' dir='ltr'>infra</span> <span class='ocrx_word' id='word_1_239' title='bbox 620 3341 730 3403; x_wconf 91' lang='lat' dir='ltr'>villam</span> <span class='ocrx_word' id='word_1_240' title='bbox 741 3348 885 3404; x_wconf 88' lang='lat' dir='ltr'>nostram</span> <span class='ocrx_word' id='word_1_241' title='bbox 895 3341 1013 3423; x_wconf 87' lang='lat' dir='ltr'>Ripon’</span> <span class='ocrx_word' id='word_1_242' title='bbox 1022 3343 1177 3404; x_wconf 89' lang='lat' dir='ltr'>situatam</span> <span class='ocrx_word' id='word_1_243' title='bbox 1187 3347 1222 3404; x_wconf 90' lang='lat' dir='ltr'>et</span> <span class='ocrx_word' id='word_1_244' title='bbox 1231 3343 1417 3425; x_wconf 88' lang='lat' dir='ltr'>fundatam,</span> 
     </span>
     <span class='ocr_line' id='line_1_32' title="bbox 89 3423 1416 3531; baseline 0.005 -32"><span class='ocrx_word' id='word_1_245' title='bbox 89 3423 242 3531; x_wconf 48' lang='lat' dir='ltr'>‘fimf‘</span> <span class='ocrx_word' id='word_1_246' title='bbox 265 3445 300 3500; x_wconf 92' lang='lat' dir='ltr'>et</span> <span class='ocrx_word' id='word_1_247' title='bbox 314 3441 350 3499; x_wconf 94' lang='lat' dir='ltr'>in</span> <span class='ocrx_word' id='word_1_248' title='bbox 365 3440 446 3502; x_wconf 88' lang='lat' dir='ltr'>libro</span> <span class='ocrx_word' id='word_1_249' title='bbox 462 3444 614 3500; x_wconf 86' lang='lat' dir='ltr'>extentus</span> <span class='ocrx_word' id='word_1_250' title='bbox 634 3437 864 3518; x_wconf 88' lang='lat' dir='ltr'>temporalium</span> <span class='ocrx_word' id='word_1_251' title='bbox 886 3436 1180 3519; x_wconf 82' lang='lat' dir='ltr'>archiepiscopatus</span> <span class='ocrx_word' id='word_1_252' title='bbox 1202 3441 1305 3502; x_wconf 90' lang='lat' dir='ltr'>nostri</span> <span class='ocrx_word' id='word_1_253' title='bbox 1327 3461 1416 3506; x_wconf 88' lang='lat' dir='ltr'>nun·</span> 
     </span>
     <span class='ocr_line' id='line_1_33' title="bbox 89 3503 1413 3616; baseline 0.011 -31"><span class='ocrx_word' id='word_1_254' title='bbox 89 3503 219 3611; x_wconf 58' lang='lat' dir='ltr'>sarralfla</span> <span class='ocrx_word' id='word_1_255' title='bbox 263 3541 380 3614; x_wconf 83' lang='lat' dir='ltr'>cupato</span> <span class='ocrx_word' id='word_1_256' title='bbox 404 3531 572 3595; x_wconf 80' lang='lat' dir='ltr'>blolcbolce²</span> <span class='ocrx_word' id='word_1_257' title='bbox 597 3537 796 3607; x_wconf 86' lang='lat' dir='ltr'>annotatam,</span> <span class='ocrx_word' id='word_1_258' title='bbox 815 3551 880 3592; x_wconf 89' lang='lat' dir='ltr'>una</span> <span class='ocrx_word' id='word_1_259' title='bbox 904 3553 979 3592; x_wconf 93' lang='lat' dir='ltr'>cum</span> <span class='ocrx_word' id='word_1_260' title='bbox 1005 3533 1166 3595; x_wconf 87' lang='lat' dir='ltr'>cimiterio</span> <span class='ocrx_word' id='word_1_261' title='bbox 1186 3534 1332 3616; x_wconf 89' lang='lat' dir='ltr'>ejusdem</span> <span class='ocrx_word' id='word_1_262' title='bbox 1360 3558 1413 3600; x_wconf 86' lang='lat' dir='ltr'>ec.</span> 
     </span>
     <span class='ocr_line' id='line_1_34' title="bbox 90 3599 1417 3715; baseline 0.006 -28"><span class='ocrx_word' id='word_1_263' title='bbox 90 3599 185 3715; x_wconf 44' lang='lat'>{¹332</span> <span class='ocrx_word' id='word_1_264' title='bbox 264 3628 377 3706; x_wconf 88' lang='lat' dir='ltr'>clesiae,</span> <span class='ocrx_word' id='word_1_265' title='bbox 393 3649 517 3690; x_wconf 90' lang='lat' dir='ltr'>necnon</span> <span class='ocrx_word' id='word_1_266' title='bbox 532 3628 764 3703; x_wconf 90' lang='lat' dir='ltr'>mansionibus,</span> <span class='ocrx_word' id='word_1_267' title='bbox 779 3625 940 3703; x_wconf 89' lang='lat' dir='ltr'>domibus,</span> <span class='ocrx_word' id='word_1_268' title='bbox 955 3627 1110 3704; x_wconf 87' lang='lat' dir='ltr'>aedificiis,</span> <span class='ocrx_word' id='word_1_269' title='bbox 1121 3629 1276 3711; x_wconf 88' lang='lat' dir='ltr'>gardinis,</span> <span class='ocrx_word' id='word_1_270' title='bbox 1292 3636 1326 3692; x_wconf 92' lang='lat' dir='ltr'>et</span> <span class='ocrx_word' id='word_1_271' title='bbox 1340 3632 1417 3695; x_wconf 91' lang='lat' dir='ltr'>aliis</span> 
     </span>
     <span class='ocr_line' id='line_1_35' title="bbox 88 3721 1416 3812; baseline 0.006 -30"><span class='ocrx_word' id='word_1_272' title='bbox 88 3735 230 3812; x_wconf 46' lang='lat' dir='ltr'>vasaque</span> <span class='ocrx_word' id='word_1_273' title='bbox 263 3726 547 3786; x_wconf 86' lang='lat' dir='ltr'>commoditatibus</span> <span class='ocrx_word' id='word_1_274' title='bbox 570 3729 604 3784; x_wconf 92' lang='lat' dir='ltr'>et</span> <span class='ocrx_word' id='word_1_275' title='bbox 626 3721 777 3804; x_wconf 86' lang='lat' dir='ltr'>proficuis</span> <span class='ocrx_word' id='word_1_276' title='bbox 799 3741 835 3782; x_wconf 86' lang='lat' dir='ltr'>ao</span> <span class='ocrx_word' id='word_1_277' title='bbox 857 3721 1067 3801; x_wconf 90' lang='lat' dir='ltr'>pertinenciis</span> <span class='ocrx_word' id='word_1_278' title='bbox 1082 3724 1205 3785; x_wconf 92' lang='lat' dir='ltr'>eisdem</span> <span class='ocrx_word' id='word_1_279' title='bbox 1220 3723 1363 3788; x_wconf 83' lang='lat' dir='ltr'>ecclesiae</span> <span class='ocrx_word' id='word_1_280' title='bbox 1380 3734 1416 3790; x_wconf 91' lang='lat' dir='ltr'>et</span> 
     </span>
     <span class='ocr_line' id='line_1_36' title="bbox 88 3793 1414 3904; baseline 0.006 -27"><span class='ocrx_word' id='word_1_281' title='bbox 88 3793 233 3903; x_wconf 51' lang='lat' dir='ltr'>{Lngffilclss</span> <span class='ocrx_word' id='word_1_282' title='bbox 263 3820 435 3904; x_wconf 87' lang='lat' dir='ltr'>curtilagio</span> <span class='ocrx_word' id='word_1_283' title='bbox 455 3819 663 3902; x_wconf 89' lang='lat' dir='ltr'>quovismodo</span> <span class='ocrx_word' id='word_1_284' title='bbox 686 3817 926 3899; x_wconf 88' lang='lat' dir='ltr'>pertinentibus</span> <span class='ocrx_word' id='word_1_285' title='bbox 950 3819 1018 3879; x_wconf 90' lang='lat' dir='ltr'>sive</span> <span class='ocrx_word' id='word_1_286' title='bbox 1041 3821 1272 3899; x_wconf 89' lang='lat' dir='ltr'>spectantibus,</span> <span class='ocrx_word' id='word_1_287' title='bbox 1288 3818 1414 3884; x_wconf 88' lang='lat' dir='ltr'>haben·</span> 
     </span>
     <span class='ocr_line' id='line_1_37' title="bbox 88 3912 1414 4018; baseline 0.005 -44"><span class='ocrx_word' id='word_1_288' title='bbox 88 3914 224 4018; x_wconf 41' lang='lat' dir='ltr'>{illitis</span> <span class='ocrx_word' id='word_1_289' title='bbox 262 3914 342 3975; x_wconf 91' lang='lat' dir='ltr'>dum</span> <span class='ocrx_word' id='word_1_290' title='bbox 367 3924 401 3978; x_wconf 92' lang='lat' dir='ltr'>et</span> <span class='ocrx_word' id='word_1_291' title='bbox 427 3917 607 3979; x_wconf 88' lang='lat' dir='ltr'>tenendum</span> <span class='ocrx_word' id='word_1_292' title='bbox 634 3912 767 3997; x_wconf 84' lang='lat' dir='ltr'>praefato</span> <span class='ocrx_word' id='word_1_293' title='bbox 792 3913 924 3974; x_wconf 90' lang='lat' dir='ltr'>domino</span> <span class='ocrx_word' id='word_1_294' title='bbox 949 3912 1116 3976; x_wconf 90' lang='lat' dir='ltr'>Willelmo</span> <span class='ocrx_word' id='word_1_295' title='bbox 1146 3915 1262 3994; x_wconf 85' lang='lat' dir='ltr'>Baker,</span> <span class='ocrx_word' id='word_1_296' title='bbox 1288 3917 1414 3981; x_wconf 85' lang='lat' dir='ltr'>dictam</span> 
     </span>
     <span class='ocr_line' id='line_1_38' title="bbox 85 3985 1415 4094; baseline 0.007 -27"><span class='ocrx_word' id='word_1_297' title='bbox 85 3985 238 4080; x_wconf 58' lang='lat' dir='ltr'>uam⁰Bak¹el</span> <span class='ocrx_word' id='word_1_298' title='bbox 261 4010 395 4074; x_wconf 89' lang='lat' dir='ltr'>domum</span> <span class='ocrx_word' id='word_1_299' title='bbox 417 4015 483 4075; x_wconf 90' lang='lat' dir='ltr'>sive</span> <span class='ocrx_word' id='word_1_300' title='bbox 504 4011 672 4074; x_wconf 87' lang='lat' dir='ltr'>ecclesiam</span> <span class='ocrx_word' id='word_1_301' title='bbox 694 4030 770 4072; x_wconf 87' lang='lat' dir='ltr'>oum</span> <span class='ocrx_word' id='word_1_302' title='bbox 793 4010 975 4093; x_wconf 88' lang='lat' dir='ltr'>curt-ilagi0,</span> <span class='ocrx_word' id='word_1_303' title='bbox 991 4009 1199 4088; x_wconf 89' lang='lat' dir='ltr'>cimiterium,</span> <span class='ocrx_word' id='word_1_304' title='bbox 1215 4014 1415 4094; x_wconf 89' lang='lat' dir='ltr'>mansiones,</span> 
     </span>
     <span class='ocr_line' id='line_1_39' title="bbox 261 4105 1414 4190; baseline 0.004 -23"><span class='ocrx_word' id='word_1_305' title='bbox 261 4107 384 4188; x_wconf 88' lang='lat' dir='ltr'>domos,</span> <span class='ocrx_word' id='word_1_306' title='bbox 415 4110 559 4186; x_wconf 75' lang='lat' dir='ltr'>aedificia,</span> <span class='ocrx_word' id='word_1_307' title='bbox 590 4113 624 4170; x_wconf 90' lang='lat' dir='ltr'>et</span> <span class='ocrx_word' id='word_1_308' title='bbox 653 4106 799 4190; x_wconf 87' lang='lat' dir='ltr'>gardina,</span> <span class='ocrx_word' id='word_1_309' title='bbox 829 4126 905 4167; x_wconf 91' lang='lat' dir='ltr'>cum</span> <span class='ocrx_word' id='word_1_310' title='bbox 934 4105 1085 4168; x_wconf 89' lang='lat' dir='ltr'>omnibus</span> <span class='ocrx_word' id='word_1_311' title='bbox 1115 4108 1414 4190; x_wconf 87' lang='lat' dir='ltr'>commoditatibus,</span> 
     </span>
     <span class='ocr_line' id='line_1_40' title="bbox 316 4222 1071 4297; baseline -0.003 -17"><span class='ocrx_word' id='word_1_312' title='bbox 316 4230 359 4297; x_wconf 87' lang='lat' dir='ltr'>(l)</span> <span class='ocrx_word' id='word_1_313' title='bbox 379 4230 430 4282; x_wconf 86' lang='lat' dir='ltr'>See</span> <span class='ocrx_word' id='word_1_314' title='bbox 447 4230 559 4296; x_wconf 66' lang='lat' dir='ltr'>caspre-</span> <span class='ocrx_word' id='word_1_315' title='bbox 570 4228 645 4292; x_wconf 81' lang='lat' dir='ltr'>Aots,</span> <span class='ocrx_word' id='word_1_316' title='bbox 659 4226 711 4278; x_wconf 81' lang='lat'>182</span> <span class='ocrx_word' id='word_1_317' title='bbox 718 4242 755 4291; x_wconf 77' lang='lat' dir='ltr'>a,</span> <span class='ocrx_word' id='word_1_318' title='bbox 768 4223 822 4277; x_wconf 88' lang='lat' dir='ltr'>and</span> <span class='ocrx_word' id='word_1_319' title='bbox 835 4222 929 4291; x_wconf 87' lang='lat' dir='ltr'>above,</span> <span class='ocrx_word' id='word_1_320' title='bbox 941 4223 958 4278; x_wconf 92' lang='lat' dir='ltr'>i.</span> <span class='ocrx_word' id='word_1_321' title='bbox 972 4225 1016 4290; x_wconf 82' lang='lat'>83,</span> <span class='ocrx_word' id='word_1_322' title='bbox 1028 4224 1071 4278; x_wconf 79' lang='lat'>84.</span> 
     </span>
     <span class='ocr_line' id='line_1_41' title="bbox 315 4306 1413 4380; baseline 0.002 -17"><span class='ocrx_word' id='word_1_323' title='bbox 315 4311 358 4380; x_wconf 73' lang='grc'>(2)</span> <span class='ocrx_word' id='word_1_324' title='bbox 377 4312 442 4365; x_wconf 91' lang='lat' dir='ltr'>This</span> <span class='ocrx_word' id='word_1_325' title='bbox 454 4310 524 4365; x_wconf 85' lang='lat' dir='ltr'>book</span> <span class='ocrx_word' id='word_1_326' title='bbox 537 4309 560 4362; x_wconf 92' lang='lat' dir='ltr'>is</span> <span class='ocrx_word' id='word_1_327' title='bbox 572 4316 622 4363; x_wconf 89' lang='lat' dir='ltr'>not</span> <span class='ocrx_word' id='word_1_328' title='bbox 633 4326 695 4362; x_wconf 87' lang='lat' dir='ltr'>now</span> <span class='ocrx_word' id='word_1_329' title='bbox 707 4307 809 4360; x_wconf 88' lang='lat' dir='ltr'>lmovvn</span> <span class='ocrx_word' id='word_1_330' title='bbox 822 4311 851 4360; x_wconf 91' lang='lat' dir='ltr'>to</span> <span class='ocrx_word' id='word_1_331' title='bbox 864 4306 942 4360; x_wconf 84' lang='lat' dir='ltr'>exist.</span> <span class='ocrx_word' id='word_1_332' title='bbox 973 4307 1015 4359; x_wconf 92' lang='lat' dir='ltr'>On</span> <span class='ocrx_word' id='word_1_333' title='bbox 1024 4306 1072 4359; x_wconf 89' lang='lat' dir='ltr'>the</span> <span class='ocrx_word' id='word_1_334' title='bbox 1084 4306 1193 4377; x_wconf 79' lang='lat' dir='ltr'>naming</span> <span class='ocrx_word' id='word_1_335' title='bbox 1205 4306 1236 4360; x_wconf 84' lang='lat' dir='ltr'>oi</span> <span class='ocrx_word' id='word_1_336' title='bbox 1244 4306 1328 4361; x_wconf 79' lang='lat' dir='ltr'>boolrs</span> <span class='ocrx_word' id='word_1_337' title='bbox 1339 4308 1413 4365; x_wconf 83' lang='lat' dir='ltr'>from</span> 
     </span>
     <span class='ocr_line' id='line_1_42' title="bbox 258 4384 1413 4456; baseline 0.001 -18"><span class='ocrx_word' id='word_1_338' title='bbox 258 4388 305 4443; x_wconf 86' lang='lat' dir='ltr'>the</span> <span class='ocrx_word' id='word_1_339' title='bbox 323 4394 415 4447; x_wconf 88' lang='lat' dir='ltr'>colour</span> <span class='ocrx_word' id='word_1_340' title='bbox 433 4392 463 4446; x_wconf 84' lang='lat' dir='ltr'>of</span> <span class='ocrx_word' id='word_1_341' title='bbox 478 4389 550 4444; x_wconf 89' lang='lat' dir='ltr'>their</span> <span class='ocrx_word' id='word_1_342' title='bbox 567 4404 668 4456; x_wconf 86' lang='lat' dir='ltr'>covers,</span> <span class='ocrx_word' id='word_1_343' title='bbox 681 4404 723 4441; x_wconf 84' lang='lat' dir='ltr'>see</span> <span class='ocrx_word' id='word_1_344' title='bbox 741 4384 851 4440; x_wconf 78' lang='lat' dir='ltr'>Prasaca</span> <span class='ocrx_word' id='word_1_345' title='bbox 870 4391 899 4440; x_wconf 85' lang='lat' dir='ltr'>to</span> <span class='ocrx_word' id='word_1_346' title='bbox 918 4384 1026 4438; x_wconf 85' lang='lat' dir='ltr'>Rains’s</span> <span class='ocrx_word' id='word_1_347' title='bbox 1044 4385 1179 4454; x_wconf 73' lang='lat' dir='ltr'>Hastam,</span> <span class='ocrx_word' id='word_1_348' title='bbox 1194 4384 1220 4439; x_wconf 89' lang='lat' dir='ltr'>ii.</span> <span class='ocrx_word' id='word_1_349' title='bbox 1260 4385 1318 4440; x_wconf 80' lang='lat' dir='ltr'>The</span> <span class='ocrx_word' id='word_1_350' title='bbox 1330 4387 1413 4444; x_wconf 68' lang='lat' dir='ltr'>Inter</span> 
     </span>
     <span class='ocr_line' id='line_1_43' title="bbox 258 4463 1100 4540; baseline -0.004 -21"><span class='ocrx_word' id='word_1_351' title='bbox 258 4470 343 4524; x_wconf 79' lang='lat' dir='ltr'>Altus</span> <span class='ocrx_word' id='word_1_352' title='bbox 354 4473 384 4526; x_wconf 82' lang='lat' dir='ltr'>of</span> <span class='ocrx_word' id='word_1_353' title='bbox 394 4470 545 4527; x_wconf 86' lang='lat' dir='ltr'>Southvvell</span> <span class='ocrx_word' id='word_1_354' title='bbox 557 4469 580 4523; x_wconf 89' lang='lat' dir='ltr'>is</span> <span class='ocrx_word' id='word_1_355' title='bbox 592 4466 692 4540; x_wconf 85' lang='lat' dir='ltr'>quoted</span> <span class='ocrx_word' id='word_1_356' title='bbox 704 4466 798 4534; x_wconf 85' lang='lat' dir='ltr'>above,</span> <span class='ocrx_word' id='word_1_357' title='bbox 810 4464 863 4520; x_wconf 88' lang='lat' dir='ltr'>vol.</span> <span class='ocrx_word' id='word_1_358' title='bbox 876 4463 894 4519; x_wconf 91' lang='lat' dir='ltr'>i.</span> <span class='ocrx_word' id='word_1_359' title='bbox 908 4464 953 4530; x_wconf 83' lang='lat'>34,</span> <span class='ocrx_word' id='word_1_360' title='bbox 966 4464 1028 4530; x_wconf 75' lang='lat'>292,</span> <span class='ocrx_word' id='word_1_361' title='bbox 1040 4463 1100 4516; x_wconf 74' lang='lat'>294.</span> 
     </span>
    </p>
   </div>
   <div class='ocr_carea' id='block_1_7' title="bbox 0 0 1500 5010">
    <p class='ocr_par' dir='ltr' id='par_1_7' title="bbox 0 0 1500 5010">
     <span class='ocr_line' id='line_1_44' title="bbox 0 0 1500 5010; baseline 0 2"><span class='ocrx_word' id='word_1_362' title='bbox 0 0 1500 5010; x_wconf 95' lang='lat' dir='ltr'> </span> 
     </span>
    </p>
   </div>
  </div>
 </body>
</html>
