2992 5010
634 313 843 371 monum
867 315 912 368 01ΙΙ
937 313 1057 368 mou.

387 599 578 671 uncturae
600 597 650 654 01³
673 597 761 654 ABP.
784 595 1039 652 ndrflnannu.
1075 609 1131 650 ιιι.
1151 594 1320 648 1480-1500.

103 746 174 808 (ὃν.)
323 728 467 840 slim
480 725 657 854 qqoertorie
680 724 779 791 Beati
797 724 971 792 rotatae
993 723 1169 789 aetnaei
1187 731 1217 789 ct
1231 722 1330 788 Beati
1349 721 1432 788 Wil-

272 825 617 1008 squfaqptqvq-Nov·
644 921 677 1000 9,
705 921 802 996 1480,
824 916 890 982 and
913 919 1021 981 drawn
1043 937 1089 1001 up
1110 923 1146 980 at
1168 917 1345 999 Beverley;
1370 920 1433 977 not

280 1019 416 1083 entered
431 1014 538 1103 here.)

108 1177 178 1238 (toa)
347 1163 480 1226 Item
450 1161 523 1246 vrij⁰
544 1161 597 1225 die
617 1161 770 1245 Augusti,
785 1180 870 1225 anno
891 1161 1044 1243 pmdicto
1058 1157 1180 1246 (1481)
1194 1178 1344 1222 concessa
1364 1156 1433 1221 fuit

105 1259 258 1364 urs-amu
280 1257 544 1342 indulgenciaxl.
556 1259 683 1320 dierum
692 1257 844 1320 omuibus
852 1256 1431 1327 conferent1busadsustentac10nem

108 1319 243 1459 ἴῖιψιω
281 1361 355 1418 octo
370 1374 549 1438 pauperum
564 1354 599 1415 in
614 1353 752 1435 quadam
766 1351 963 1436 Mnayndew
974 1353 1102 1463 Ripon‘,
1113 1353 1162 1414 nil
1173 1358 1290 1435 prater
1304 1372 1344 1413 ea
1357 1370 1433 1433 quae

107 1435 202 1497 ΒΨ·
281 1472 322 1516 ex
337 1451 510 1512 devocione
524 1449 714 1512 fidelium
686 1468 733 1511 ers
747 1454 938 1533 errogantur
952 1450 1079 1511 unde
1048 1469 1156 1512 vivere
1167 1453 1300 1531 possent
1308 1445 1434 1509 haben

281 1545 370 1607 cium
385 1550 459 1622 etc,
473 1546 515 1608 ad
528 1544 771 1627 beneplacitum
786 1545 910 1608 domini
924 1545 1091 1608 duratura.

108 1708 150 1769 (ιι
162 1706 199 1766 v.)
349 1687 465 1755 lateo
480 1687 655 1775 qaoestm
671 1686 809 1753 mate
823 1686 1005 1772 collemate
1019 1689 1154 1774 Rypon.

351 1787 410 1873 (lt
427 1786 595 1869 Beverley,
616 1785 689 1850 Oct.
710 1786 764 1863 26,
791 1789 888 1863 1481,
907 1784 965 1848 the
986 1791 1172 1869 procurator
1195 1784 1231 1847 of
1249 1783 1308 1849 the
1329 1782 1433 1847 fabric

283 1883 438 1947 obtained
453 1903 473 1945 ι
486 1882 586 1946 letter
600 1881 649 1945 for
662 1881 836 1966 collecting
850 1881 932 1944 alms
948 1880 997 1944 for
1011 1880 1070 1945 the
1085 1880 1200 1967 same.)

110 2051 178 2111 (ιι,
178 2050 199 2111 )
350 2028 534 2093 Willelmus
557 2028 727 2106 Potemau,
753 2032 817 2091 etc.
843 2027 1003 2091 universis
1025 2033 1061 2091 et
1084 2027 1222 2112 singulis
1248 2026 1435 2103 abbatibus,

108 2110 239 2218 ἆζξζπ·
283 2125 454 2209 prioribus,
483 2124 673 2202 rectoribus,
703 2123 841 2201 vicariis,
868 2127 904 2186 et
932 2144 1044 2186 eorum
1074 2124 1144 2187 loca
1172 2123 1436 2198 tenentibus,ac

109 2251 193 2299 tuem
284 2221 459 2304 capellanis
481 2221 602 2283 curatis
623 2218 884 2330 quibuscumque
906 2219 991 2282 infra
1005 2220 1169 2283 dioecesim
1185 2221 1280 2283 Ebor.
1294 2218 1437 2282 ubilibet

108 2311 255 2415 ΝΜ
284 2317 484 2393 constitutis,
501 2316 672 2378 salutem
661 2335 697 2376 ιιι
716 2335 755 2377 eo
774 2316 832 2397 qui
855 2319 906 2378 est
927 2317 1075 2379 omnium
1099 2337 1172 2379 vera
1195 2316 1293 2379 salus.
1339 2313 1435 2392 Cum,

106 2369 255 2499 illusum
285 2433 373 2475 sacro
395 2416 574 2474 attestante
597 2409 949 2493 eloqu10,sicutaquae
971 2413 1176 2523 extingunt
1166 2433 1289 2523 ignem,
1304 2412 1352 2472 ita
1366 2410 1435 2472 ele-

138 2545 144 2558 ·
189 2543 204 2591 g
285 2509 412 2572 mosina
436 2507 602 2590 extinguit
630 2507 821 2589 peccatum,¹
853 2513 989 2570 etcum
1015 2529 1080 2571 non
1111 2510 1280 2571 minimam
1307 2512 1435 2591 partem

286 2603 434 2688 ejusdem
442 2602 511 2665 fore
522 2602 718 2665 arbitramur
725 2601 767 2663 ad
775 2604 1013 2685 reparacionem
1025 2605 1234 2667 ecclesiarum
1245 2608 1281 2666 et
1291 2602 1434 2666 locomm

110 2724 254 2773 uetuere
285 2700 355 2762 Deo
378 2698 600 2760 dedicatorum
622 2716 739 2759 manus
754 2698 919 2783 porrigere
932 2700 1130 2778 adnitentes,
1145 2720 1286 2782 cumque
1300 2698 1436 2762 ecclesia

109 2783 262 2889 ffiffm'
285 2794 458 2879 collegiata
472 2792 590 2875 Ripon’
603 2792 644 2854 ad
659 2790 814 2856 honorem
837 2799 1021 2858 sanctorum
1036 2796 1262 2880 Apostolorum
1284 2795 1377 2858 Petri
1399 2799 1436 2857 et

110 2900 182 2949 rant
285 2891 381 2954 Pauli
404 2909 462 2972 per
486 2889 626 2952 Beatum
649 2888 839 2951 Wiliridum
863 2889 1088 2968 confessorem,
1113 2891 1207 2975 cujus
1232 2891 1377 2974 reliquiae
1398 2891 1435 2954 in

286 2986 399 3050 eadem
427 2990 504 3048 sunt
528 2985 715 3064 reconditae,
739 2984 895 3048 fabricata
920 2991 956 3049 et
984 2987 1141 3066 dedicata,
1164 2988 1200 3049 in
1222 2987 1359 3050 diversis
1384 2987 1437 3048 sui

284 3082 434 3168 partibus
463 3101 618 3167 magnam
649 3081 794 3144 minatur
826 3083 969 3159 ruinam,
1000 3088 1040 3145 ut
1077 3083 1260 3147 luculenter
1288 3086 1436 3146 constare

284 3181 407 3264 poterit
431 3177 637 3240 intuentibus
663 3177 812 3254 eandem,
839 3198 899 3241 nec
923 3177 1095 3241 facultates
1125 3178 1271 3262 ejusdem
1296 3178 1336 3240 ad
1363 3175 1437 3260 ejus

284 3267 523 3351 reparacionem
563 3263 707 3327 sufficere
744 3271 891 3348 possunt,
921 3267 986 3328 nisi
1015 3267 1146 3329 aliunde
1185 3287 1224 3330 ex
1260 3267 1436 3329 devocione

287 3363 433 3425 fidelium
457 3381 572 3422 manus
594 3359 769 3443 adjutrices
790 3361 954 3446 porrigere
970 3362 1154 3424 voleucium
1174 3363 1280 3425 eidem
1307 3380 1438 3423 succur-

287 3464 389 3535 ratur,
404 3463 545 3518 vestram
559 3456 806 3519 universitatem
821 3458 1029 3540 requirimus,
1044 3478 1205 3542 rogamus,
1220 3461 1255 3520 et
1268 3455 1439 3519 hortamur

288 3555 324 3614 in
339 3553 489 3627 Domino,
505 3552 660 3632 quatinus
674 3572 749 3614 cum
764 3554 831 3614 veri
847 3560 1071 3639 procuratores
1086 3555 1154 3615 sive
1163 3553 1274 3617 nuncii
1289 3551 1438 3635 ejusdem

288 3648 430 3711 ecclesiae
452 3645 632 3729 collegiatae
645 3647 685 3709 ad
701 3667 757 3710 vos
774 3668 831 3710 seu
852 3648 921 3711 loca
940 3655 1049 3712 vestra
1070 3650 1275 3727 accesserint,
1290 3647 1438 3710 fidelium

288 3743 480 3808 elemosinas
504 3742 545 3803 ad
569 3741 722 3804 fabricam
749 3743 897 3826 ejusdem
928 3746 1077 3828 petituri,
1107 3747 1194 3828 ipsos
1219 3742 1440 3808 favorabiliter

289 3840 481 3915 admittatis,
504 3858 541 3900 ac
562 3839 617 3920 pia
637 3840 773 3923 negocia
793 3841 889 3903 dictae
912 3842 1055 3905 ecclesiae
1072 3833 1289 3906 effectualiter
1311 3860 1441 3924 promo·

288 3938 402 4013 veatis,
417 3957 453 3997 ac
471 3938 598 3997 mentes
608 3940 789 3998 vestrorum
805 3937 1008 4001 subditorum
1021 3939 1062 4001 ad
1072 3939 1237 4022 premissa
1247 3937 1440 4021 propencius

290 4033 459 4108 excitetis3
482 4031 685 4109 mandantes,
708 4031 908 4115 firmiterque
937 4033 1148 4119 injungentes
1176 4035 1331 4118 quatinus
1353 4034 1441 4115 quod

290 4130 417 4192 nunciis
448 4148 505 4189 seu
534 4126 794 4207 procuratoribus
823 4130 986 4210 predictis
1017 4151 1056 4193 ex
1086 4131 1261 4194 devocione
1290 4129 1439 4192 fidelium

290 4226 443 4291 collatum
465 4223 566 4286 fuerit
588 4242 646 4284 seu
668 4222 826 4306 legatum,
840 4224 875 4286 id
890 4224 1013 4288 eisdem
1028 4246 1086 4288 seu
1109 4247 1221 4289 eorum
1243 4225 1340 4288 alicui
1354 4225 1444 4288 inte-

293 4357 518 4491 chqlltlgqem
537 4354 676 4408 ardentem
697 4353 835 4426 extinguit
852 4372 930 4428 aqua,
948 4363 977 4411 et
997 4360 1167 4431 eleemosyna
1183 4358 1286 4415 resistit
1303 4357 1439 4431 peccatis'.

359 4445 381 4468 ⁸¹·
393 4452 430 4489 ιιι.
464 4440 487 4486 ·,
