2992 5010
256 320 431 373 sxrssers
455 319 554 373 soon
578 319 675 373 sons
701 319 916 386 sso1srsns;
943 321 1097 375 unicos.
1379 304 1426 376 89

92 506 211 552 sorum
225 486 414 550 nominibus
436 488 640 570 inquirentes
662 486 894 551 nichilominus
917 489 1105 573 diligenter,
1120 495 1155 552 et
1170 510 1251 572 quos

94 583 162 646 rite
176 587 310 646 notatos
331 584 524 646 inveneritis
546 585 582 646 in
603 586 777 666 praemissis
799 587 910 647 citetis
935 586 1149 667 peremptorie
1164 586 1251 666 quod

94 683 312 761 compareant
340 699 447 742 coram
476 679 571 741 nobis
600 685 689 742 certo
718 680 783 757 die,
812 701 910 762 quem
934 680 975 742 ad
1002 679 1063 741 hoc
1092 680 1252 743 duxeritis

94 774 323 852 statuendum,
338 774 524 856 ubicunque
538 780 620 837 tunc
642 774 801 837 fuerimus
821 777 856 838 in
871 780 983 837 nostra
997 776 1140 853 dioecesi,
1156 796 1253 858 super

95 875 192 932 tanto
212 889 388 954 progressu
408 871 603 952 responsuri,
626 870 745 933 facturi
769 871 908 934 ulterius
930 875 966 934 et
988 871 1151 953 recepturi
1166 871 1253 953 quod

92 964 231 1048 justicia
257 965 425 1041 suadebit;
455 985 514 1028 nos
544 986 641 1048 super
670 967 760 1028 omni
791 987 829 1028 eo
855 967 942 1049 quod
966 966 1108 1029 feceritis
1138 972 1173 1029 et
1202 968 1254 1027 in-

98 1062 256 1124 veneritis
280 1061 316 1122 in
338 1060 512 1143 praemissis
535 1066 693 1143 oportune
719 1068 753 1122 et
776 1062 931 1124 distincte
955 1062 1171 1124 certificantes
1193 1083 1252 1144 per

98 1160 224 1218 vestrm
252 1162 404 1238 patentes
430 1156 553 1234 literas,
576 1154 692 1219 harum
717 1158 832 1218 seriem
857 1159 1073 1221 continentes.
1126 1158 1252 1220 Volete.

98 1251 177 1314 Dat.
214 1252 302 1334 apud
341 1251 479 1334 Rypon’,
514 1259 548 1314 1⁰
578 1253 685 1316 Kal'n.
728 1254 855 1331 Marcii,
885 1254 981 1316 Anno
1017 1255 1132 1337 gmeiae
1167 1254 1254 1316 mill⁶

99 1353 194 1410 ooc¹⁰
207 1349 370 1425 vicesimo,
385 1352 421 1410 et
433 1347 643 1431 pontificatus
657 1350 759 1410 nostri
774 1354 899 1430 quarto.

167 1443 420 1506 Memorandnm
434 1444 520 1525 quod
537 1443 597 1506 sub
608 1443 719 1505 eadem
735 1443 838 1505 forma
853 1449 1045 1506 emanarunt
1060 1445 1183 1506 eisdem
1196 1445 1250 1508 die

101 1546 137 1602 et
150 1540 221 1602 loco
235 1538 419 1601 consimiles
435 1537 538 1601 literae
553 1538 674 1600 decano
695 1538 830 1620 Rypon’,
845 1558 881 1600 ac
896 1538 1127 1603 Archidiacono
1142 1538 1254 1622 Rych'.

102 1635 156 1698 vel
171 1634 244 1717 eJus
259 1635 399 1713 officiali,
411 1636 452 1697 ad
467 1634 732 1697 denunciandum
747 1636 849 1696 dictos
864 1640 1112 1717 praesumptores
1126 1657 1254 1699 excom-

103 1733 287 1794 munientes
296 1731 331 1792 in
342 1751 461 1815 genere
473 1732 509 1792 in
521 1730 658 1815 singulis
668 1731 812 1793 ecelesiis
823 1730 1040 1793 decanatuum
1052 1731 1253 1815 Pontiburg’,

105 1825 243 1903 Ceteris,
258 1832 294 1889 et
308 1824 473 1908 Rychem'.

169 1970 366 2049 Willelmus,
393 1974 467 2048 etc„
489 1970 617 2033 dilectis
646 1969 722 2032 filiis
751 1969 894 2052 capitulo
924 1970 1038 2053 Rypon
1069 1971 1121 2032 vel
1150 1971 1253 2053 ipsius
1278 1979 1334 2039 (76)

101 2067 239 2150 capituli
264 2067 372 2130 locum
402 2069 541 2144 tenenti,
564 2066 714 2143 salutem,
738 2067 888 2149 graciam,
919 2071 953 2129 et
978 2067 1253 2129 benediccionem.
1278 2050 1388 2142 ligium,

102 2163 268 2226 Accedens
282 2164 323 2225 ad
338 2183 396 2224 nos
408 2162 548 2225 dilectus
563 2164 598 2223 in
614 2161 741 2225 Christo
757 2162 853 2239 filius,
869 2162 918 2223 vir
933 2182 1059 2246 magnae
1073 2162 1253 2246 religionis,
1278 2154 1339 2200 ΜΠ·
1351 2156 1387 2201 ¹⁰·

102 2259 204 2322 frater
217 2258 377 2322 Robertus
392 2258 433 2320 de
448 2258 583 2341 Rypon’,
599 2257 639 2319 de
656 2258 767 2320 ordine
787 2259 1041 2339 praedicatorum,
1057 2259 1098 2320 ad
1119 2260 1253 2321 verbum
1282 2237 1423 2357 {mm

102 2354 165 2417 Dei
186 2355 426 2438 praedieandum
441 2364 475 2417 et
489 2354 531 2416 ad
545 2354 760 2416 confessiones
783 2354 928 2416 fidelium
944 2355 1142 2418 audiendum
1160 2356 1254 2419 nobis
1271 2356 1378 2459 {mm
1389 2416 1416 2459 ὠ

102 2471 207 2532 nuper
226 2454 455 2532 praesentatus,
477 2455 509 2512 et
532 2470 589 2531 per
613 2470 671 2511 nos
702 2450 737 2509 in
761 2448 863 2517 forma
886 2451 1131 2513 constitucionis
1158 2472 1255 2534 super
1278 2472 1370 2532 nypos.

101 2544 164 2608 hoc
187 2546 284 2608 editae
309 2545 516 2627 approbatus,
548 2545 641 2607 nobis
671 2545 761 2626 gravi
791 2546 1021 2627 conquestione
1050 2549 1253 2625 monstravit,

102 2640 189 2723 quod
215 2640 349 2723 quidam
382 2641 526 2702 Andreas
549 2640 590 2702 de
614 2640 770 2721 Kirkeby,
795 2640 932 2702 vicarius
955 2640 1115 2722 praedictae
1137 2648 1254 2704 nostrie
1278 2651 1409 2722 boumh-

104 2736 229 2818 Rypon’
243 2737 395 2814 ecclesiae,
419 2737 560 2798 eundem
582 2735 715 2798 fratrem
739 2736 774 2796 in
800 2736 989 2798 ministeriis
1014 2742 1148 2799 actuum
1174 2758 1256 2819 prae-
1278 2711 1410 2826 ffissfffl„

102 2831 264 2894 dictorum
279 2831 442 2893 maliciose
455 2837 489 2893 et
503 2836 626 2893 temere
637 2830 820 2912 impedivit,
832 2831 957 2893 diversa
967 2831 1092 2913 probra,
1101 2833 1254 2910 convicia,
1279 2827 1419 2931 ‘f’gr‘hffi‘gr-

102 2932 138 2989 et
160 2927 308 2989 seandala
331 2926 411 2989 falso
426 2931 460 2987 et
483 2926 611 3008 publice
625 2927 794 3007 imponens
810 2926 926 3003 eidem,
941 2932 1037 3007 prout
1052 2928 1141 2989 vobis
1157 2927 1254 2990 fidem
1279 2945 1382 3002 inguim
1393 2945 1419 2989 in

104 3042 200 3104 super
228 3019 292 3084 hiis
321 3021 418 3084 faciet
447 3022 630 3083 luculenter
658 3026 697 3082 ut
727 3022 817 3098 dicit,
849 3042 944 3102 super
967 3022 1085 3102 quibus
1115 3042 1135 3083 a
1160 3023 1253 3085 nobis
1278 3002 1401 3106 QWR'

100 3115 272 3180 humiliter
293 3119 391 3199 petiit
406 3117 492 3199 quod
510 3118 673 3197 praemissa
688 3115 863 3178 faceremus
879 3116 995 3198 corrigi
1019 3122 1116 3196 prout
1129 3116 1171 3176 ad
1195 3137 1253 3179 nos

101 3214 225 3276 attinet
245 3215 281 3275 in
303 3211 364 3275 hoc
388 3234 474 3276 casu.
532 3213 685 3286 Quocirca
712 3213 857 3274 volentes
882 3210 941 3272 tali
965 3211 1075 3273 morbo
1100 3212 1253 3292 pestifero

102 3329 280 3392 congruam
304 3307 457 3371 adhibere
484 3309 644 3370 medelam
667 3328 703 3369 ac
734 3307 868 3370 cuilibet
898 3302 1048 3367 exhibere
1073 3304 1253 3388 justiciam,

103 3408 150 3481 et,
165 3408 204 3465 ut
217 3409 379 3481 tenemur,
396 3403 538 3487 singulos
561 3405 597 3464 in
621 3423 678 3464 sua
696 3401 830 3484 justicia
853 3401 1031 3476 confovere,
1047 3401 1136 3463 vobis
1159 3422 1253 3463 man-

103 3498 231 3576 damus,
245 3499 382 3561 firmiter
403 3499 624 3582 injungentes,
648 3502 820 3580 quatenus,
835 3497 989 3579 praedicto
1004 3497 1132 3559 Andrea
1147 3517 1252 3559 coram

105 3593 195 3655 vobis
224 3600 347 3671 vocato,
370 3600 405 3657 et
433 3596 545 3657 audita
574 3594 705 3676 querela
728 3599 917 3672 memorata,
941 3593 1068 3656 faciatis
1093 3598 1190 3676 prout
1211 3594 1252 3655 ad
1277 3621 1410 3681 phem„

103 3709 161 3752 vos
184 3691 327 3770 pertinet
345 3694 380 3752 et
397 3690 550 3752 instituta
571 3689 723 3750 canonica
744 3689 865 3750 ducant
887 3690 922 3749 in
936 3686 997 3750 hac
1017 3694 1119 3771 parte,
1141 3689 1253 3751 celeris
1276 3684 1401 3786 ἓξὲξ

100 3783 245 3868 justiciae
281 3785 567 3867 complementum,
597 3784 753 3866 alioquin,
781 3785 817 3844 in
848 3785 948 3845 vestri
978 3784 1154 3863 desectum,
1179 3784 1252 3868 jus·
1276 3799 1319 3845 she
1333 3802 1429 3844 matter.

104 3880 217 3942 ticiam
246 3880 282 3941 in
312 3879 372 3942 hoc
395 3901 471 3943 casu
494 3882 563 3942 sine
586 3900 682 3941 morae
706 3879 874 3961 dispendio
898 3877 1066 3958 faciemus,
1098 3885 1132 3942 et
1155 3879 1252 3941 certi·

104 3972 208 4036 ficetis
230 3994 287 4036 nos
310 3996 406 4056 super
427 3975 595 4057 praesentis
610 3974 755 4036 mandati
777 3975 880 4035 nostri
903 3975 1106 4053 execucione,
1121 3980 1155 4037 et
1174 3973 1252 4056 quid

104 4064 246 4132 feceritis
270 4074 305 4132 et
330 4072 520 4133 inveneritis
546 4072 581 4131 in
604 4070 787 4152 praemissiS,
817 4089 892 4131 cum
922 4090 962 4131 ex
986 4075 1078 4152 parte
1108 4070 1254 4152 praedicti

103 4163 213 4227 fratris
235 4166 369 4228 Roberti
392 4166 520 4228 fueritis
536 4165 693 4247 requisiti.
747 4165 873 4227 Valete.
926 4164 1002 4227 Dat.
1029 4166 1116 4247 apud
1138 4163 1255 4247 Thorp’

104 4281 204 4343 prope
219 4261 326 4339 Ebor,
342 4259 372 4344 vj
390 4262 440 4324 Id.
456 4262 581 4339 Marcii,
596 4266 686 4342 pont.
702 4262 802 4322 nostri
818 4280 902 4322 anno
917 4265 1041 4342 quarto.
1168 4267 1169 4271 ’

174 4405 369 4485 Willelmus,
380 4411 453 4484 etc,
463 4405 583 4467 dilecto
595 4405 687 4467 nobis
697 4405 733 4466 in
743 4402 870 4468 Christo
880 4401 1024 4467 Jobauni
1033 4404 1064 4466 le
1073 4403 1253 4482 Warrener,
1279 4412 1383 4475 (4080.)
