2992 5010
228 305 403 358 EX'I'RAOES
428 304 526 357 FROM
552 305 649 357 YORK
675 303 889 371 Ruulsrnus3
916 304 1081 357 classus,

76 493 200 551 eornm,
216 474 302 536 sicut
315 473 380 536 rite
401 471 490 536 facts
511 478 573 551 est,
595 477 700 536 ratam
721 471 893 552 babentes,
916 474 1019 557 ipsam
1038 475 1232 537 auctoritate

75 569 256 653 pontificali
283 569 521 649 confirmamus,
549 574 583 632 et
606 570 775 652 praesentis
801 571 913 652 scripti
937 571 1120 631 munimine
1140 570 1233 632 robo-

75 685 196 744 ramus,
212 665 273 727 sub
295 685 392 748 poena
413 665 755 727 excommunicacionis
771 665 908 727 firmiter
930 663 1118 727 inhibentes
1132 684 1174 727 ne
1197 666 1232 726 in

75 762 155 824 alios
180 782 260 824 usus
284 762 456 844 quisquam
482 761 549 825 ullo
575 781 732 845 umquam
754 766 902 845 tempore
930 761 1099 845 praedictas
1128 766 1232 822 terras

74 864 264 920 convertere
279 863 463 939 praesumat.
498 858 542 921 Et
556 861 595 920 ut
610 864 730 935 ratum,
746 863 810 922 etc.
843 857 919 921 Det.
935 856 1022 940 apud
1032 854 1106 939 Rip’
1118 855 1149 939 vj
1166 854 1232 919 kal.

76 954 204 1032 Marcii,
219 973 305 1016 anno
320 954 386 1016 xix.

144 1128 316 1208 Omnibus,
347 1135 409 1192 etc.
455 1129 701 1193 concessionem
731 1134 766 1193 et
791 1130 1000 1193 donacionem
1021 1149 1119 1212 quam
1142 1128 1231 1191 Wal·
1255 1127 1313 1233 ἓξ)
1319 1187 1387 1238 12⁸4.

76 1230 168 1288 tems
182 1225 270 1288 filins
285 1225 317 1287 N
318 1225 410 1310 igelli
425 1226 467 1289 de
482 1226 598 1309 Ripon'
613 1225 692 1289 fecit
707 1226 776 1288 Deo
791 1232 827 1289 et
848 1226 1001 1289 fratribus
1017 1231 1052 1288 et
1068 1224 1230 1287 sororibus
1256 1244 1312 1291 reb.
1323 1248 1360 1295 rs

77 1318 248 1404 hospitalis
263 1321 391 1384 Sanctae
406 1322 518 1385 Mariae
533 1322 734 1406 Magdalenae
749 1321 789 1385 de
806 1322 878 1405 Rip’
894 1323 935 1384 de
951 1322 1077 1384 duobus
1093 1321 1185 1383 tostis
1197 1325 1232 1383 et
1255 1329 1377 1433 ssoudgcl'

77 1416 187 1479 crostis
210 1421 245 1479 et
259 1421 330 1480 tots
346 1422 434 1480 terra
456 1438 515 1480 sua
536 1438 634 1500 quam
657 1415 773 1481 habuit
796 1419 830 1481 in
846 1416 972 1501 Ripon’‚
987 1437 1063 1478 cum
1078 1416 1180 1499 pratis
1196 1420 1232 1477 et
1255 1405 1378 1507 sffiry

77 1512 228 1576 omnibns
250 1514 463 1595 pertinenciis
486 1515 563 1590 suis,
579 1515 665 1576 sicut
679 1515 714 1575 in
737 1521 824 1576 carta
838 1535 858 1576 s
872 1514 960 1576 dicto
974 1512 1119 1576 Waltero
1135 1530 1231 1594 super
1254 1505 1356 1613 {ff

77 1604 138 1670 hoc
168 1607 292 1671 eisdem
321 1609 468 1672 confecta
496 1610 626 1692 plenius
656 1611 853 1688 continetur,
883 1616 986 1671 ratam
1009 1607 1167 1670 habentes
1196 1611 1231 1670 ct

78 1709 216 1787 gratnm,
245 1705 351 1788 ipsam
381 1705 639 1768 concessioncm¹
670 1710 706 1767 et
728 1707 921 1768 auctoritate
950 1704 1128 1788 pontificali
1153 1723 1231 1765 con·

79 1800 256 1879 firmamus,
279 1801 367 1863 salvo
387 1806 499 1863 tamen
521 1801 615 1863 nobis
637 1805 673 1864 et
694 1801 930 1865 successoribus
952 1802 1072 1863 nostris
1097 1799 1231 1861 servicio

79 1905 199 1961 nostro.
245 1897 337 1974 Quod
361 1903 400 1961 ut
421 1906 542 1977 ratum,
558 1904 620 1962 etc.
666 1900 740 1962 Dat.
763 1900 851 1982 apud
875 1897 994 1980 Rip’vj
1019 1897 1083 1959 kal.
1099 1897 1227 1972 Marcii,

80 2012 163 2057 anno
178 1994 245 2057 xix.

145 2168 316 2248 Omnibus,
333 2176 396 2232 etc.
420 2170 638 2234 Douacionem
653 2178 687 2234 et
702 2172 940 2234 concessionem
955 2189 1034 2252 quas
1042 2167 1229 2229 Willelmus
1255 2175 1356 2247 Botulus

79 2263 118 2326 de
133 2264 400 2328 Winchelcumbe
417 2265 495 2329 fecit
508 2265 662 2329 fratribus
682 2275 717 2330 ct
735 2269 894 2329 sororibus
917 2265 1085 2348 hospitalis
1102 2263 1228 2327 Sanctae
1253 2235 1404 2356 fflssffi

78 2359 190 2423 Msriae
212 2361 415 2445 Magdalenae
436 2362 476 2425 de
499 2362 617 2446 Ripon,
632 2384 707 2426 cum
730 2384 860 2446 corpore
883 2383 951 2440 suo,
968 2381 1063 2443 snper
1078 2359 1227 2423 omnibus
1252 2355 1382 2460 gfflgl·

78 2458 173 2520 tcrris
195 2460 231 2519 et
252 2458 410 2520 reditibus
433 2460 500 2520 suis
521 2458 562 2521 de
585 2458 761 2522 Mulewath
786 2459 882 2521 etde
905 2457 1132 2538 Neuebycum
1155 2476 1227 2538 per·
1253 2427 1328 2557 erp.
1360 2447 1366 2459 '

78 2553 229 2615 tinentiis
251 2574 374 2631 eorum,
397 2555 481 2618 sicut
502 2555 538 2616 in
561 2553 672 2619 charta
694 2555 766 2639 ejus
788 2576 886 2638 quam
908 2555 984 2616 inde
1007 2552 1128 2614 habent
1149 2572 1226 2614 con·
1255 2558 1348 2626 Sancta

79 2648 216 2726 tinctur,
237 2655 324 2712 ratas
346 2656 381 2712 et
402 2656 511 2733 gratas
535 2649 703 2730 habentes,
726 2672 780 2714 eas
794 2672 866 2734 qnae
881 2649 1117 2713 rationabiliter
1132 2647 1226 2709 factae
1252 2616 1399 2733 {mim

79 2749 158 2806 sunt
172 2744 324 2808 duximus
339 2747 583 2810 confirmandas.
615 2749 654 2810 In
669 2747 763 2830 cujus
777 2749 836 2825 rei,
846 2752 907 2809 etc.
939 2747 1013 2808 Dat.
1029 2743 1144 2827 Ripon’
1159 2742 1224 2826 xvij
1252 2732 1349 2792 R‘W'·

79 2837 144 2904 kal.
160 2839 274 2905 Octob.
290 2848 353 2906 etc.

145 3015 316 3095 Omnibus,
337 3023 401 3081 etc.
446 3018 609 3082 Noveritis
632 3020 718 3102 quod
740 3040 814 3083 curn
837 3019 949 3081 dilecti
972 3019 1006 3079 in
1024 3015 1151 3080 Christo
1166 3015 1226 3077 filii
1252 3028 1281 3072 96
1297 3025 1403 3085 (ccccv.)

77 3113 258 3194 capitulum
281 3113 397 3197 Ripcn’
418 3115 561 3178 ecclesiae
583 3124 734 3199 peterent
756 3138 775 3179 a
797 3117 890 3179 nobis
905 3115 1072 3178 ecclesiam
1095 3115 1135 3175 de
1151 3112 1226 3194 Nyd
1252 3086 1383 3203 §gss'ffil'

78 3209 142 3271 sibi
156 3209 337 3272 confirmari
351 3211 393 3273 ad
407 3232 498 3274 suam
514 3232 730 3292 communsm,
744 3234 814 3290 nos,
830 3232 941 3275 eorum
964 3210 1116 3291 petitioni
1131 3209 1227 3269 liber-
1252 3225 1397 3271 sectanda

78 3303 176 3366 aliter
198 3311 392 3386 annuentes,
414 3309 551 3370 eandem
574 3309 742 3372 ecclesiam
765 3310 812 3371 eis
835 3308 1028 3371 auctoritate
1051 3302 1227 3387 pontificali
1253 3285 1395 3394 §mm

79 3399 234 3464 duximus
253 3403 515 3467 confirmandam.
561 3406 652 3480 Quod
674 3412 714 3469 ut
736 3413 855 3484 ratum,
879 3411 940 3467 etc.
985 3401 1148 3478 Testibus,
1165 3406 1227 3462 etc.
1253 3402 1348 3464 sipont

79 3494 155 3559 Dat.
171 3496 297 3581 Rypon'
311 3499 363 3582 xvj
380 3497 444 3563 ku.
461 3499 590 3565 Octobr.
606 3507 698 3584 pont.
713 3503 816 3564 nostri
831 3521 916 3563 anuo
930 3498 1016 3582 xxvj.

331 3694 395 3769 [uo
418 3697 609 3754 smrssnn
632 3699 707 3753 soa
730 3699 806 3753 ssu
830 3696 981 3769 rusus]

135 3811 236 3887 [ΑΜ.
255 3814 358 3871 smr
375 3831 414 3872 mr
430 3817 548 3886 Borrrc,
566 3820 810 3970 &linig-biba?
828 3820 967 3874 Gcsmsr
984 3833 1022 3872 nr
1040 3817 1180 3884 Lunna,
1376 3807 1388 3841 ⁸

530 3912 585 3953 sn.
761 3939 767 3959 ,

232 4071 425 4129 REOISTER
448 4074 496 4130 OF
520 4075 802 4131 ABRGIFFARD.
839 4090 894 4132 sn.
913 4073 1080 4128 1265-1279.

24 4204 28 4210 ·
147 4185 356 4272 walcerus),
378 4191 601 4272 permissione,
624 4198 685 4254 etc.
717 4192 836 4254 dilecto
859 4193 894 4254 in
917 4189 1045 4254 Christo
1074 4187 1142 4250 filio
1164 4207 1233 4248 ms·
1272 4202 1315 4262 ss)

78 4282 187 4367 gram
201 4282 241 4347 s.
257 4283 298 4346 de
313 4283 475 4366 sensam,
491 4287 642 4350 saluom.
687 4289 769 4362 Quia
784 4287 1006 4350 intelleximus
1028 4283 1112 4366 quod
1128 4283 1232 4345 ‹romi-
1259 4261 1385 4367 ,32:312

136 4415 182 4486 (Ῑ)
201 4416 229 4471 Α
241 4416 379 4489 stophen
391 4418 420 4477 in
432 4418 658 4491 MS.,indiceting
669 4421 795 4478 omission
807 4421 839 4475 of
847 4428 909 4495 part
922 4420 953 4475 oi
961 4438 978 4475 e
989 4416 1124 4474 technicel
1135 4415 1233 4472 clause.
