2992 5010
87 2366 210 2530 (intrim

631 331 840 386 monum
864 331 910 384 01²
935 331 1055 384 meos.

264 523 372 567 coram
388 503 482 566 nobis
504 500 667 565 exhibitos
689 514 723 564 et
745 506 891 562 ostensoe
912 500 1006 562 uobis
1024 506 1153 562 constat
1171 502 1296 564 dictum
1313 501 1422 563 domi·

263 619 346 662 uum
362 598 549 662 Johannem
564 604 677 660 contra
692 595 864 680 praefatum
879 597 1073 679 magistrum
1089 597 1265 680 Hngonem
1280 598 1315 658 in
1330 599 1422 659 curia

264 694 412 758 Romana
430 694 561 756 finalem
581 695 617 755 in
637 713 733 754 causa
751 693 918 753 victoriam
939 693 1098 772 optinere,
1118 695 1209 755 robis
1228 693 1421 755 mandamus

262 792 428 874 quatinus,
438 790 582 852 relaxato
591 794 757 870 sequestro
766 785 946 872 abin(cic)
955 787 1114 849 fructibus
1123 788 1219 850 dictae
1229 789 1421 871 praebendae,

262 888 457 950 auctoritate
470 885 647 968 apostolica
661 884 703 946 de
718 883 872 945 mandato
886 890 998 945 nostro
1008 885 1211 965 interposito,
1220 885 1261 946 ad
1276 884 1362 965 quod
1377 885 1420 947 de

263 983 366 1065 ipsius
392 980 572 1065 praebendae
594 979 766 1055 fructibus,
790 978 911 1040 debitis
937 977 1010 1061 ejus
1036 983 1234 1060 supportatis
1256 979 1420 1057 omnibus,

264 1098 431 1160 superesse
446 1076 633 1159 contigerit,
647 1075 737 1136 dicto
749 1075 883 1137 domino
896 1072 1040 1136 Johanni
1055 1075 1108 1136 vel
1124 1075 1195 1157 ejus
1210 1077 1420 1157 procuratori,

265 1173 482 1235 sufficientem
503 1170 545 1232 ab
567 1189 607 1232 eo
629 1170 665 1231 in
687 1168 747 1231 hac
767 1176 860 1252 parte
883 1174 1082 1252 potestatem
1106 1169 1253 1248 habenti,
1270 1171 1420 1232 celeriter

264 1266 419 1342 liberetis,
440 1267 635 1347 recipientes
657 1264 699 1328 ab
720 1266 834 1328 eodem
854 1265 907 1327 vel
928 1271 1134 1346 procuratore
1155 1287 1214 1329 suo
1230 1268 1420 1349 acquietan·

263 1363 348 1425 ciam
378 1381 567 1444 congruam,
590 1381 768 1442 perquam
796 1367 833 1422 et
861 1366 1035 1444 praesentes
1065 1369 1189 1423 nostras
1218 1363 1338 1440 literas,
1362 1383 1419 1424 vos

265 1457 431 1520 exonerari
447 1457 597 1518 volumus
611 1465 645 1518 et
661 1457 865 1519 decernimus
879 1456 921 1519 ab
935 1457 1145 1539 impeticione
1160 1458 1306 1540 qualibet
1328 1479 1419 1520 occa·

265 1553 356 1615 sione
379 1551 544 1614 fructuum
567 1549 756 1635 hujusmodi
778 1573 837 1635 per
861 1573 917 1614 vos
941 1553 1184 1635 quomodolibet
1204 1562 1419 1636 receptomm‚

266 1668 325 1712 seu
354 1668 427 1732 quae
456 1648 579 1730 percipi
609 1654 761 1730 poterant
789 1649 825 1710 in
854 1647 914 1710 hac
943 1655 1045 1730 parte.
1091 1650 1182 1712 Vale.
1227 1650 1302 1712 Dat.
1332 1651 1417 1731 apud

266 1744 410 1822 Cawode,
424 1746 528 1807 tercio
549 1744 604 1805 die
625 1746 748 1807 mensis
770 1745 863 1824 Maii,
882 1746 977 1807 Anno
994 1745 1138 1822 Domini,
1153 1750 1216 1809 etc.
1232 1745 1366 1830 lxxviij0,
1383 1752 1418 1808 et

264 1845 383 1904 uostrae
398 1840 649 1903 consecracionis
664 1846 789 1924 quarto.

909 1977 1157 2040 Memorandum
1189 1978 1275 2060 quod
1305 1998 1417 2060 supra-

947 2074 1059 2155 scripti
1090 2075 1200 2135 vicarii
1226 2074 1267 2136 de
1297 2075 1414 2156 Ripon'

945 2171 1172 2250 praestiterunt
1193 2169 1414 2232 obedienciam

946 2264 1077 2326 domino
1093 2284 1189 2347 super
1212 2265 1331 2329 Sancta
1353 2268 1415 2329 Dei

264 2360 423 2422 Dominus
437 2356 603 2422 Johnnnes
618 2355 810 2436 Stayndr0p‚
945 2359 1121 2442 Evangelia
1138 2358 1198 2420 sub
1219 2358 1278 2421 hac
1299 2361 1414 2440 forma,

164 2423 423 2517 ⁸⁸⁰'Dominus
438 2452 598 2514 Robertus
613 2446 754 2525 Bashan‚
944 2452 1085 2534 quilibet
1100 2473 1156 2533 per
1172 2473 1217 2529 se,
1232 2455 1267 2514 iu
1289 2456 1412 2536 capella

90 2565 227 2614 oum
263 2548 423 2611 Dominus
439 2546 594 2608 Ricardus
609 2543 792 2620 Wakefeld,
944 2545 1029 2607 infra
1083 2548 1264 2609 manerium
1317 2570 1413 2610 suum

86 2683 115 2729 da
83 2638 218 2743 ”W
141 2638 421 2706 mosminse
436 2637 603 2704 Johannes
619 2637 754 2720 Olynt,
739 2638 862 2721 junior,
944 2639 1071 2721 Ripon’,
1092 2643 1196 2722 primo
1216 2642 1270 2703 die
1291 2645 1412 2704 mensis

87 2823 183 2944 ‘ida

261 2738 421 2801 Dominus
435 2733 601 2799 Johannes
617 2734 798 2817 Bondgate,
943 2735 1141 2812 Decembris,
1164 2738 1257 2797 Anno
1279 2737 1412 2799 Domini

264 2833 423 2896 Dominus
438 2828 606 2896 Johanues
623 2829 810 2914 Kilyngale,
943 2830 1121 2893 Millesimo
1158 2837 1246 2893 ccc¹²¹⁰
1283 2837 1413 2915 octoge-

944 2927 1036 3005 simo,
1067 2927 1248 2989 indiccione
1286 2935 1412 3009 quarta,

944 3023 1152 3105 pontificatus
1185 3024 1311 3086 domini
1351 3025 1413 3087 Ur·

944 3117 1032 3193 bani,
1060 3119 1179 3181 Divina
1207 3121 1412 3200 providentia

943 3234 1036 3297 papae
1052 3217 1147 3293 sexti,
1163 3235 1249 3277 auno
1264 3217 1375 3279 tercio.

273 3374 280 3386 ,
331 3314 422 3397 ‘Ego
437 3313 478 3375 N.
494 3333 549 3375 ero
574 3311 680 3374 fidelis
703 3314 737 3373 et
755 3309 909 3373 obediens
931 3310 1110 3373 venerabili
1130 3312 1166 3372 iu
1182 3308 1311 3374 Christo
1325 3314 1410 3393 patri

265 3418 299 3473 et
329 3410 460 3472 domino
490 3427 575 3485 mco,
605 3407 735 3469 domino
758 3405 949 3482 Alexandro,
971 3406 1033 3467 Dei
1060 3408 1167 3490 gracia
1189 3406 1284 3469 Ebor.
1308 3406 1415 3469 archi·

264 3505 422 3587 episcopo,
449 3506 511 3565 etc.
542 3503 720 3583 vestrisque
751 3500 985 3562 successoribus
1022 3504 1175 3564 canonice
1204 3503 1413 3581 intrantibus,

264 3598 453 3662 officialibus
481 3601 515 3658 et
538 3597 611 3657 aliis
635 3596 794 3657 ministris
818 3597 853 3656 in
879 3595 978 3656 licitis
1003 3600 1038 3657 et
1061 3599 1225 3659 canonicis
1249 3599 1413 3661 mandatis

266 3696 350 3757 sicut
366 3714 419 3755 me
435 3693 523 3754 Deus
538 3691 672 3772 adjuvet
688 3696 722 3751 et
736 3687 805 3751 haec
821 3689 950 3766 Sancta,
967 3690 1040 3752 etc.’

334 3855 616 3942 Certifiootorium
627 3854 899 3941 permutacione
914 3854 955 3919 in
974 3855 1173 3940 prebendae
1188 3860 1228 3925 dc
1244 3862 1414 3929 Kiderlin

158 3915 180 3947 ⁰'
268 3954 449 4022 Ariciam
465 3961 493 4017 e
507 3951 681 4035 riceyo
696 3951 738 4015 rc
752 3950 891 4036 Ripon’,
906 3951 1090 4035 corcyram
1106 3956 1256 4023 macore

333 4051 502 4138 (Between
518 4050 598 4112 Rob.
615 4049 761 4111 Manleld
777 4069 847 4110 can.
862 4048 898 4111 of
910 4049 1072 4128 Aukland‚
1087 4054 1151 4115 and
1167 4054 1242 4119 Job.
1259 4057 1414 4142 Benryng

267 4171 339 4213 can
356 4149 392 4211 ol
404 4144 523 4228 Ripon'
539 4149 582 4207 20
598 4144 690 4223 Feb,
708 4147 804 4206 1381.
808 4142 823 4229 )

333 4313 441 4402 Oopio
457 4312 639 4397 cujusdam
654 4311 754 4376 huuc
770 4309 950 4397 hospitatis
965 4313 1083 4379 Sanct'
1057 4322 1085 4380 tc
1096 4316 1270 4385 Johcnmc's
1285 4321 1415 4408 Ripon’

265 4411 356 4498 qaod
384 4432 457 4476 oron
487 4415 639 4475 teomtor
663 4407 785 4473 solvere
823 4406 970 4474 decimas
997 4411 1156 4498 propriis
1182 4417 1345 4483 monibus
1375 4442 1415 4484 cc
