2992 5010
276 342 448 393 minacis
473 340 570 391 mou
598 339 692 391 vous
718 340 931 406 vsc1smns3
958 342 1067 393 usur.
1351 317 1422 389 153

99 511 281 593 campanile
295 512 405 592 ipsum
427 508 605 592 principale
620 509 655 569 in
679 509 786 571 medio
801 510 902 591 ipsius
919 509 1063 572 ecclesiae
1079 510 1114 571 in
1129 528 1249 592 magna
1272 515 1363 561 eontra

100 607 277 668 altitudine
293 607 456 669 elevatum
475 612 510 667 et
532 610 767 682 constructum,
782 606 823 666 ad
846 607 1019 667 introitum
1035 604 1125 667 chori
1149 606 1249 667 situa=
1272 575 1401 692 {pappum

101 709 185 780 tum,
201 702 295 785 cujus
318 723 383 763 non
407 702 533 763 modica
554 702 663 783 porcio
685 721 790 783 nuper
804 701 845 762 ad
868 706 991 763 terram
1014 722 1117 783 usque
1142 701 1249 763 subito
1271 691 1353 738 sulen.

100 803 151 860 est
166 798 315 881 collapsa,
337 798 543 859 imminentis
567 803 602 858 et
628 797 783 858 instantis
809 799 912 859 ruinae
937 796 1128 861 horribilem
1150 798 1248 859 nimis

100 895 317 975 suspicionem
340 891 493 954 omnibus
515 894 624 975 ipsum
650 893 858 955 intuentibus
882 893 1102 957 infallibiliter
1124 900 1250 978 protes-

99 995 209 1066 tatur3
231 989 326 1069 cujus
348 989 482 1071 quidem
506 988 648 1051 ecclesiae
671 987 808 1066 fructus,
832 989 991 1068 redditus,
1014 997 1049 1053 et
1073 995 1249 1073 proventus
1271 1007 1397 1055 Thema

100 1086 142 1147 ad
168 1087 270 1166 ipsam
296 1083 449 1145 fabricam
480 1085 684 1166 pertinentes
708 1088 778 1146 tam
809 1086 929 1147 modici
954 1092 989 1148 et
1013 1087 1125 1172 exigui
1153 1091 1188 1149 et
1212 1087 1247 1147 in
1271 1068 1416 1173 ξξξηῗξξζ

98 1185 229 1242 tantum
249 1178 312 1241 hiis
328 1179 443 1242 diebus
458 1181 626 1258 diminuti,
642 1185 676 1243 et
691 1200 710 1241 a
726 1180 821 1244 solito
837 1182 943 1244 valore
959 1182 1077 1265 dilapsi
1092 1184 1248 1259 existunt,
1271 1185 1422 1290 323¹:th

98 1278 271 1359 ipsumque
294 1297 374 1358 opus
402 1289 469 1338 tam
496 1297 654 1358 magnum
678 1282 713 1339 et
738 1286 975 1361 sumptuosum,
998 1284 1131 1361 tamque
1154 1299 1250 1361 supra
1271 1303 1367 1350 noenu

99 1373 184 1433 vires
200 1377 251 1433 est
274 1370 456 1450 hominum,
472 1373 558 1455 quod
574 1371 694 1454 absque
710 1395 855 1436 carorum
873 1373 1157 1438 Christi-fidelium
1174 1375 1250 1437 sub·
1272 1362 1354 1457 Μ’,

99 1465 311 1529 vencionibus
333 1468 397 1550 piis
414 1465 482 1553 (et)
497 1468 751 1532 elemosinarum
774 1470 1006 1553 largicionibus
1029 1472 1117 1534 dicta
1131 1469 1251 1533 fabrica

98 1565 220 1627 nedum
245 1564 365 1643 fulciri,
390 1566 567 1644 emendari,
597 1571 632 1628 et
657 1569 798 1649 reparari
827 1567 990 1650 nequibit,
1017 1589 1138 1650 ymmo,
1163 1567 1248 1649 quod

100 1681 292 1743 suppremus
311 1662 498 1724 Fabricator
513 1667 649 1739 avertat,
665 1683 793 1724 exnunc
809 1663 962 1746 deinceps
978 1664 1120 1742 ruinosa,
1135 1662 1248 1740 fracta,

99 1763 133 1819 et
162 1765 323 1839 quassata,
353 1758 569 1839 irreparabilis
606 1758 801 1835 remanebit,
840 1759 949 1840 sicque
988 1761 1099 1826 divino
1137 1759 1249 1822 orbata

99 1853 201 1914 officio
216 1853 382 1915 destructa
397 1855 489 1936 quasi
505 1860 539 1915 et
561 1873 619 1934 pro
634 1860 791 1936 perpetuo
803 1854 958 1930 desolata,
974 1855 1083 1937 aliqua
1098 1856 1139 1917 de
1155 1855 1248 1917 bonis

98 1948 201 2010 aDeo
217 1950 278 2011 sibi
293 1949 419 2011 collatis
434 1956 527 2034 grata
541 1949 752 2027 contulerint,
768 1951 971 2027 donaverint,
984 1972 1041 2013 seu
1057 1951 1247 2034 legaverint,

96 2055 156 2106 aut
186 2046 249 2107 alio
286 2067 491 2129 quocumque
525 2046 620 2108 modo
650 2047 887 2129 assignaverint
919 2046 1063 2108 subsidia
1092 2046 1247 2123 caritatis,

96 2160 304 2223 necnonque
323 2142 403 2204 alios
426 2143 467 2204 ad
492 2146 561 2202 tam
585 2142 678 2223 pium
699 2161 779 2223 opus
802 2143 1020 2220 incitaverint,
1047 2141 1246 2218 induxerint,

96 2237 208 2299 induci
239 2240 404 2300 monerive
434 2238 583 2312 fecerint,
608 2238 710 2299 eciam
743 2239 869 2300 tociens
898 2239 1052 2320 quociens
1083 2238 1246 2321 praemissa
1270 2246 1421 2320 Weonorco

96 2331 234 2397 fecerint
261 2355 318 2396 seu
344 2334 467 2417 aliquid
497 2334 745 2416 praemissorum,
771 2340 904 2396 centum
934 2334 1003 2396 dies
1030 2333 1245 2417 indulgenciae
1268 2309 1406 2414 fflffi,

96 2432 239 2514 graciose
254 2432 460 2493 concedimus
480 2450 539 2511 per
552 2436 739 2511 praesentes,
754 2430 795 2492 ad
811 2431 1032 2513 explecionem
1047 2438 1082 2494 et
1096 2450 1245 2493 consum·
1266 2425 1382 2531 21⁰ngoe
1471 2486 1474 2493 .

96 2528 276 2589 macionem
298 2528 378 2589 dicti
393 2527 508 2609 operis,
524 2525 748 2606 reparacionis,
765 2532 799 2589 et
822 2528 1060 2590 emendacionis
1077 2526 1246 2590 efficaciter
1268 2544 1377 2592 hunnos

96 2622 277 2685 duraturas.
1269 2603 1337 2663 ‘¹⁸7³'

164 2719 203 2780 In
230 2720 323 2803 cujus
351 2721 398 2782 rei
424 2719 662 2795 testimonium,
690 2724 753 2782 etc.
799 2720 874 2783 Dat.
902 2722 937 2783 in
964 2718 1109 2803 hospicio
1134 2725 1247 2782 nostro

95 2834 194 2895 prope
224 2816 565 2891 westmonasterium,
603 2822 681 2875 mimo
712 2816 765 2878 die
797 2815 957 2895 Octobris,
988 2819 1083 2879 Anno
1112 2815 1247 2879 Domini

95 2909 272 2972 Millesimo
287 2912 421 2989 cccclv,
437 2918 471 2974 et
486 2916 603 2973 nostrae
619 2911 843 2973 translacionis
858 2919 891 2972 a⁰
906 2911 1015 2995 xxvj‘0.

162 3105 338 3185 lohannes,
354 3112 416 3169 etc.
439 3107 566 3170 dilectis
589 3107 624 3168 in
641 3105 769 3170 Christo
785 3107 872 3184 filiis,
895 3107 1061 3189 magistris
1080 3105 1246 3168 Willelmo
1269 3108 1341 3166 (149)

95 3203 217 3280 Felter,
240 3204 370 3280 decane,
386 3204 516 3265 domino
530 3202 673 3267 Johanni
689 3201 931 3286 Bernyngham,
953 3200 1164 3280 thesaurario,
1179 3202 1245 3264 Ro·
1268 3180 1381 3274 iiim,

95 3300 190 3362 berto
212 3299 345 3376 nothis,
367 3300 570 3361 decretorum
594 3299 728 3376 doctori,
750 3299 868 3360 nostris
890 3299 926 3359 in
950 3297 1174 3379 spiritualibus
1197 3299 1246 3358 vi·
1268 3284 1372 3334 ΜΑΘ-

94 3396 189 3457 cariis
223 3394 440 3477 generalibus,
469 3394 612 3459 Johanni
645 3392 802 3472 Marchal,
833 3395 986 3455 canonico
1017 3393 1245 3455 residenciario
1268 3368 1401 3490 wall-⁸⁰

96 3491 240 3554 ecclesiae
260 3499 379 3554 nostrae
394 3490 589 3554 cathedralis
605 3491 712 3568 Ebor.‚
727 3488 870 3554 Johanni
885 3489 1039 3568 Lathum,
1055 3495 1088 3552 et
1103 3487 1246 3553 Johanni
1267 3488 1403 3606 W

96 3587 227 3666 Sendal,
266 3588 414 3664 salutem,
451 3590 605 3672 graciam,
643 3593 677 3649 et
722 3587 997 3650 benediccionem.
1065 3587 1246 3671 Fidedigna
1267 3605 1363 3652 aalma

94 3683 256 3745 relacione
292 3684 517 3765 plurimorum,
554 3684 755 3766 clamosaque
792 3682 870 3746 facti
907 3683 1142 3760 insinuacione,
1178 3704 1244 3745 non
1267 3664 1394 3784 mo}“

93 3780 216 3861 absque
239 3799 357 3863 magna
377 3781 482 3841 cordis
509 3780 735 3855 amaritudine,
757 3779 798 3841 ad
813 3784 960 3842 nostrum
987 3798 1091 3860 nuper
1112 3779 1244 3841 devenit
1267 3785 1388 3886 ‘'ff''“l'

94 3877 257 3951 auditum,
290 3876 376 3957 quod
407 3876 485 3937 licet
522 3875 657 3936 ecclesia
686 3881 796 3936 nostra
824 3875 995 3958 collegiata
1024 3874 1119 3937 Beati
1153 3874 1244 3939 Petri
1266 3843 1397 3962 idm

92 3971 322 4054 Apostolorum
346 3973 501 4053 principis
519 3969 646 4052 Ripon’‚
669 3977 787 4032 nostrae
809 3971 967 4045 dioecesis,
989 3970 1024 4031 in
1047 3990 1112 4052 qua
1134 3970 1245 4034 Sancti
1267 3967 1362 4019 'W-

93 4067 239 4129 Wilfridi
254 4065 443 4128 confessoris
458 4066 590 4149 gloriosi
604 4065 804 4128 venerabiles
827 4065 972 4147 reliquiae
987 4062 1060 4149 (eto.
1074 4084 1113 4127 oa
1137 4063 1245 4143 above,

95 4184 132 4227 so
162 4162 227 4246 sav
256 4182 305 4239 cs,
337 4165 393 4224 ‘in
424 4183 543 4246 magna
573 4161 634 4223 loci
665 4163 817 4246 angustia
846 4162 1001 4225 celebrari
1038 4161 1246 4240 coartantur,’

94 4257 178 4322 with
206 4257 329 4339 merely
357 4255 467 4320 vobol
497 4255 704 4342 defferences)
733 4258 768 4318 in
799 4257 925 4320 Divinae
954 4257 1150 4340 Majestatis‚
1180 4259 1246 4320 dic-

95 4358 189 4438 tique
205 4355 400 4416 sanctissimi
416 4353 603 4416 confessoris
626 4352 792 4430 offensam,
807 4353 922 4415 Deifici
945 4353 1052 4415 cultus
1069 4353 1248 4416 detrimen-

95 4460 181 4528 tum,
212 4452 314 4532 ipsam
345 4470 472 4532 quoque
502 4449 742 4531 reparacionem
767 4446 871 4511 facere
902 4448 1097 4511 debencium
1119 4456 1246 4511 certum
