2992 5010
622 307 830 360 aenomaus
856 307 900 359 Ol*
927 307 1046 359 meon.

261 475 401 539 Roberto
416 476 457 538 de
480 473 684 557 Nuunewyk,
699 474 872 552 militibus,
887 495 923 537 ac
945 474 1108 558 magistris
1131 474 1214 559 Reg.
1230 473 1272 537 de
1295 473 1408 538 Sancto

262 572 398 650 Albane,
413 572 464 635 W.
480 571 522 634 de
537 571 724 649 Beuerlaco,
739 574 775 632 et
789 571 904 632 multis
918 569 1012 633 aliis?

91 742 149 804 (al)
328 723 465 786 Dilectis
479 724 515 785 in
531 721 659 786 Christo
674 721 751 783 filiis
775 766 783 784 .
807 767 816 785 .
839 721 982 804 capitulo
996 728 1108 785 nostro
1124 722 1252 806 Rypon’
1263 722 1410 800 salutem,

89 812 186 909 ffim·
262 821 416 904 graciam,
431 826 467 882 et
480 818 753 882 benediccionem.
799 817 1011 899 Sequestrum
1033 819 1227 880 auctoritate
1243 824 1357 881 nostra
1376 819 1411 879 in

90 917 180 967 Feb&
262 915 421 978 fructibus
437 921 472 978 et
494 912 704 997 proventibus
719 913 899 995 praebendae
921 913 1045 975 domini
1068 911 1228 976 Johannis
1242 915 1285 976 de
1308 915 1412 976 Bene·

90 1002 217 1075 Manca
264 1014 334 1075 sted
361 1033 419 1095 pro
441 1033 506 1074 uon
529 1011 708 1074 residencia
731 1014 837 1072 suaet
861 1011 1049 1073 dimissione
1074 1011 1257 1092 praebendae
1282 1031 1350 1074 suaa
1372 1011 1412 1073 ad

90 1069 242 1192 :mbram
263 1108 389 1170 firmam
415 1109 648 1190 interpositum
674 1106 836 1170 relaxetis.
891 1106 983 1181 Quod
1013 1108 1117 1169 eciam
1146 1127 1204 1189 pro
1230 1107 1413 1170 defectibus

90 1185 235 1283 &pm
262 1206 434 1266 domorum
464 1204 567 1285 ipsius
604 1201 784 1284 praebendae
812 1223 917 1284 nuper
946 1203 1140 1265 auctoritate
1169 1209 1282 1265 nostra
1310 1204 1413 1265 inter-

90 1295 155 1341 Μ’
169 1295 241 1342 Bene-
262 1300 419 1382 positum,
435 1297 495 1360 hac
511 1300 579 1360 vice
595 1298 635 1359 de
652 1298 783 1378 speciali
806 1300 913 1382 gracia
927 1298 1117 1360 relaxamus.
1162 1298 1289 1362 Valete.
1337 1299 1412 1361 Dat.

89 1354 146 1400 M
261 1394 348 1477 apud
364 1394 486 1459 Cawod.
502 1392 558 1476 viij
577 1392 627 1455 Id.
644 1394 739 1456 Febr.
754 1400 845 1475 pont.
862 1394 964 1456 nostri
979 1414 1063 1455 anno
1078 1395 1188 1456 tercio.

92 1581 166 1643 (95,Ι
329 1554 479 1634 Thomas,
494 1555 557 1617 Dei
579 1556 697 1638 gracia,
712 1562 776 1618 etc.
792 1555 912 1618 dilecto
934 1555 969 1617 in
986 1552 1114 1618 Christo
1134 1553 1202 1617 filio
1226 1601 1234 1618 .
1259 1601 1268 1619 .
1293 1556 1417 1618 decano

89 1653 143 1746 ᾖξ’·
154 1581 220 1746 12101·
263 1649 390 1718 Richm'
417 1651 567 1727 salutem,
593 1651 744 1733 graciam,
760 1654 792 1710 et
816 1649 1089 1714 benediccionem.
1134 1650 1219 1725 Quia
1240 1651 1417 1713 Edmundo

90 1713 187 1828 Pagala·-
263 1749 304 1816 de
319 1747 492 1830 Whatsby,
507 1746 633 1822 clerico,
651 1766 747 1827 supra
768 1745 847 1807 furti
862 1747 998 1807 crimine
1021 1747 1056 1807 in
1071 1745 1140 1808 foro
1162 1747 1307 1809 saeculari
1322 1746 1417 1809 diffa-

90 1842 163 1887 ⁸⁰⁶¹⁷⁰
175 1856 243 1912 ’.Ψ
263 1850 362 1922 mato,
378 1845 431 1907 die
446 1843 583 1906 Veneris
598 1843 634 1904 iu
657 1843 796 1904 erastino
818 1842 972 1904 instantis
994 1842 1198 1905 Asceusionis
1223 1842 1416 1920 Dominicae‚

88 1914 228 2005 &daw‘
262 1943 303 2005 ad
328 1939 532 2025 purgandum
563 1960 596 2001 se
620 1938 772 2001 canonice
795 1958 901 1999 coram
927 1938 1020 2000 nobis
1043 1938 1095 2000 vel
1119 1984 1128 2002 .
1152 1984 1160 2001 .
1184 1939 1416 2002 commissariis

88 2016 243 2130 ,ww
263 2040 382 2102 nostris
406 2039 441 2099 in
464 2041 573 2098 nostra
598 2033 715 2117 Ripon’
729 2033 865 2096 ecclesia
888 2035 1123 2117 assignavimus
1147 2056 1243 2118 super
1267 2036 1335 2114 illo,
1351 2035 1415 2098 tibi

263 2136 455 2197 mandamus
485 2133 640 2214 quatinus
667 2131 712 2207 id,
736 2135 806 2191 tam
831 2131 867 2191 in
897 2131 1047 2193 mercatis
1077 2136 1113 2194 et
1142 2132 1218 2194 foris
1249 2152 1348 2213 quam
1379 2133 1416 2193 in

263 2231 404 2293 ecclesiis
428 2235 463 2290 et
489 2229 566 2289 locis
589 2226 749 2309 puppliois
773 2226 845 2287 aliis
876 2246 933 2307 per
958 2232 1066 2288 totum
1093 2228 1287 2290 decanatum
1317 2234 1417 2291 tuum

261 2324 359 2386 ibcias
381 2323 571 2405 pupplicari,
586 2321 812 2383 denunciando
835 2321 1045 2402 solempniter
1060 2323 1145 2404 quod
1171 2324 1199 2385 si
1223 2324 1297 2404 quis
1321 2323 1416 2405 quic·

263 2440 361 2502 quam
386 2418 515 2500 justum
546 2438 722 2499 proponere
750 2417 898 2494 voluerit,
925 2418 1098 2498 quominus
1120 2419 1161 2480 ad
1183 2418 1417 2480 admissionem

263 2514 468 2598 purgacionis
492 2513 652 2596 praedictae
678 2513 849 2595 procedere
876 2512 1063 2592 debeamus,
1085 2515 1183 2576 dictis
1207 2514 1261 2577 die
1289 2520 1325 2577 et
1344 2515 1417 2578 loco

264 2629 451 2691 comparens
466 2614 627 2690 quatenus
649 2608 840 2671 canonicum
855 2606 956 2670 fuerit
977 2628 1053 2670 cum
1080 2608 1320 2692 complemento
1343 2609 1417 2693 jus-

263 2706 349 2768 ticiae
364 2705 525 2767 audietur.
570 2704 614 2764 Et
630 2709 668 2765 ut
684 2704 793 2765 tucius
808 2704 843 2764 in
859 2704 993 2786 negocio
1008 2702 1197 2786 hujusmodi
1210 2705 1415 2787 procedatur,

265 2820 361 2881 super
376 2802 455 2878 vita,
470 2801 723 2878 conversacione,
739 2805 773 2861 et
788 2799 931 2861 moribus
946 2799 1025 2860 dicti
1037 2800 1202 2877 clerici,et
1216 2800 1311 2863 ande
1327 2801 1416 2864 dicto

264 2897 398 2959 crimine
437 2897 480 2957 sit
516 2895 697 2977 culpabilis,
727 2894 905 2978 diligenter
941 2895 1096 2977 inquiras.
1155 2895 1287 2979 Nosque
1319 2917 1416 2978 super

268 2989 456 3074 hujusmodi
471 2992 664 3053 execucione
680 2991 837 3067 mandati,
852 2996 887 3053 et
901 2991 1056 3072 quicquid
1072 2992 1235 3055 inveneris
1250 2997 1285 3054 et
1300 2990 1415 3055 feceris

267 3090 302 3150 in
318 3089 501 3170 praemissis,
522 3089 604 3149 citra
618 3087 706 3148 diem
728 3086 884 3148 certifices
907 3105 965 3167 per
980 3090 1053 3148 tuas
1067 3093 1218 3169 patentes
1234 3091 1269 3150 et
1290 3087 1416 3151 clausas

265 3186 377 3247 literas
404 3182 518 3247 harum
547 3184 662 3246 seriem
687 3183 902 3244 continentes.
948 3181 1039 3244 Vale.
1085 3183 1159 3245 Dat.
1175 3183 1262 3264 apud
1288 3181 1413 3246 Cawod.

266 3279 297 3364 vj
316 3281 400 3344 Non.
418 3281 509 3356 Maii,
525 3285 615 3361 pont.
632 3280 733 3340 nostri
749 3298 834 3338 anno
849 3283 973 3359 quarto·

162 3496 168 3507 ,
332 3440 578 3502 Memorandum
616 3440 701 3521 quod
731 3439 784 3499 die
815 3439 950 3501 Veneris
976 3441 1010 3501 in
1041 3440 1180 3502 crastino
1209 3440 1414 3503 Ascensionis

113 3534 145 3623 ’ξ
194 3556 222 3625 .·
266 3534 452 3611 Dominicae,
470 3535 620 3596 videlicet
635 3533 687 3616 xvj
713 3533 785 3596 Kal.
802 3534 906 3612 Junii,
922 3537 1016 3597 Anno
1030 3537 1146 3618 graciae
1168 3536 1288 3599 M⁰ccc⁰
1302 3537 1414 3613 tercio,

135 3663 200 3720 ψ·
266 3632 301 3692 in
325 3631 459 3691 ecclesia
482 3628 607 3711 Ripon',
624 3629 798 3712 praedictus
822 3634 913 3710 pater
935 3632 1068 3694 admisit
1093 3632 1322 3716 purgacionem
1347 3633 1413 3695 Ed·

136 3736 189 3764 Μ’·
207 3722 215 3764 ⁶
268 3727 382 3787 mundi
397 3727 438 3787 de
454 3723 626 3806 Whateby,
642 3724 761 3800 clerici,
772 3743 868 3804 super
882 3726 1086 3810 infrascripto
1096 3728 1231 3790 crimine
1243 3726 1415 3806 diffamati,

92 3848 126 3900 ςι
145 3838 182 3893 ὀ,
227 3813 238 3908 J
267 3821 353 3883 facta
375 3822 463 3903 prius
487 3821 738 3902 proclamacione
763 3819 931 3902 solempni,
947 3827 1015 3884 tam
1039 3824 1074 3884 in
1098 3822 1259 3885 decanatu
1286 3821 1415 3885 Ricbm’

92 3905 197 3992 ’ξω
223 3914 238 3952 ’·
267 3918 421 4000 quamde
445 3917 569 3980 Crauen
586 3918 620 3977 in
644 3916 746 3978 forma
761 3915 865 3994 solita,
881 3918 966 3980 sieut
987 3939 1045 4000 per
1067 3918 1292 3980 certificatoria
1306 3919 1417 4000 patuit

124 4010 128 4019 '
175 4012 189 4056 '·
269 4060 277 4075 .
302 4059 310 4075 .
334 4014 537 4088 decanorum,
552 4032 650 4094 quam
664 4013 699 4074 in
723 4013 856 4075 ecclesia
879 4013 994 4095 Ripon’
1010 4015 1191 4096 supradicta
1212 4035 1270 4096 per
1284 4015 1417 4077 clericos

268 4109 497 4189 infrascriptos,
507 4108 668 4185 videlicet,
678 4130 735 4190 per
749 4110 852 4171 Adam
870 4109 1075 4191 Scriptorem,
1086 4111 1107 4173 J
1109 4109 1270 4173 ohannem
1283 4111 1416 4194 Vtreyt,

88 4171 245 4293 ffiptfflw
268 4203 451 4267 Johannem
477 4204 519 4266 de
549 4203 771 4282 Cloutherum,
799 4205 978 4268 Robertum
1005 4205 1046 4267 de
1075 4205 1206 4289 Neuby‚
1231 4204 1416 4270 Johannem

85 4295 181 4343 Μὰ
270 4299 475 4381 Scriptorem,
501 4298 693 4367 Nioholaum
720 4301 761 4363 de
786 4300 935 4383 Skipton,
958 4302 1137 4364 Henricum
1155 4302 1196 4364 de
1224 4301 1416 4384 Swyndene,

267 4393 424 4458 Thomam
450 4396 492 4459 de
509 4396 745 4483 Goldesburgh,
767 4397 970 4461 Willelmum
985 4397 1026 4464 de
1042 4396 1175 4479 Cliston,
1190 4396 1347 4461 Thomam
1374 4398 1416 4461 de
