2992 5010
612 342 821 395 unisonum
846 341 890 392 01³
915 339 1036 391 RII‘OX.

252 513 360 575 missis
376 512 446 575 fieri
461 512 609 589 fecimus,
621 511 816 593 diligentem
827 529 885 590 per
895 507 988 590 eujus
1001 508 1212 569 assercionem
1229 513 1263 568 et
1274 506 1399 588 deposi-

252 609 378 671 cionem
414 616 449 671 et
478 608 557 670 facti
587 608 815 669 notorietatem
845 606 1031 666 evidentem
1062 605 1276 685 comperimus
1306 603 1401 664 dictae

251 704 391 786 querelae
406 705 574 766 materiam
589 699 723 788 in[n]iti
737 721 797 783 per
810 703 920 764 omnia
933 700 1074 776 veritati,
1087 699 1241 774 volentes,
1251 706 1346 780 prout
1363 719 1401 758 ex

252 799 457 862 solicitudine
473 800 568 861 officii
584 797 751 879 pastoralis
760 796 979 878 astringimur,
992 797 1074 856 vires
1089 815 1248 875 apponere
1264 799 1303 854 ut
1317 793 1402 855 bona

250 894 331 957 dicti
353 893 522 977 hospitalis
537 896 572 955 in
588 893 660 955 illos
676 912 753 954 usus
776 891 816 953 ad
839 911 919 974 quos
942 891 1099 972 deputata
1123 890 1264 966 fuerant,
1286 896 1320 950 et
1335 910 1400 951 non

251 990 340 1067 alios,
363 991 479 1053 illicite
500 991 739 1063 convertantur,
754 988 832 1048 visis
855 990 890 1047 et
912 986 1090 1047 intellectis
1115 986 1264 1047 omnibus
1288 1005 1398 1066 supra-

252 1085 359 1162 dictis,
374 1091 409 1147 et
423 1084 633 1147 facultatibus
648 1083 729 1145 dicti
744 1080 924 1164 hospitalis,
936 1087 971 1143 et
986 1082 1136 1143 oneribus
1153 1081 1258 1142 eidem
1274 1083 1400 1141 incum-

251 1179 406 1242 bentibus
435 1200 526 1262 aequo
548 1178 718 1240 libramine
748 1177 943 1260 ponderatis,
973 1182 1111 1259 urgente
1142 1179 1334 1238 necessitate
1365 1184 1399 1239 et

76 1294 228 1366 nonunt
253 1275 397 1338 evidenti
428 1273 573 1336 utilitate
603 1274 684 1335 dicti
721 1271 901 1354 hospitalis,
931 1272 1090 1349 volumus,
1120 1272 1333 1354 disponimus,
1364 1277 1400 1333 et

77 1353 189 1399 ”md
203 1359 228 1398 ω
252 1370 449 1446 ordinamus,
464 1370 551 1451 quod
566 1369 607 1431 ad
623 1370 849 1431 invencionem
872 1368 1009 1430 duorum
1034 1369 1235 1430 sacerdotum
1250 1390 1325 1430 cum
1340 1374 1399 1431 tuo

76 1411 198 1529 iii-iil
253 1466 434 1527 ministerio
457 1464 646 1527 sacerdotali
668 1463 816 1527 adhibito
832 1465 960 1527 racione
983 1465 1187 1526 bonorumet
1204 1464 1398 1526 facultatum

77 1528 186 1634 iffi&
195 1533 221 1574 ω
253 1581 325 1643 quae
340 1561 427 1623 dicto
442 1559 596 1642 hospitali
619 1564 799 1642 suppetunt
813 1559 849 1620 in
864 1560 1027 1641 praesenti,
1043 1561 1240 1640 supportatis
1257 1581 1398 1644 congrue

252 1657 362 1738 ipsius·
374 1654 545 1738 hospitalis
559 1655 634 1718 aliis
649 1654 811 1732 oneribus,
826 1674 892 1717 non
910 1653 1059 1716 obstante
1074 1655 1137 1716 alia
1152 1656 1356 1717 ordinacione
1373 1657 1400 1717 si

253 1773 318 1834 qua
330 1752 374 1814 sit
384 1771 587 1833 quacumque
598 1750 753 1813 firmitate
768 1750 886 1812 vallata
895 1751 931 1811 in
941 1750 1139 1812 eontrarium
1151 1750 1239 1812 edita
1253 1757 1401 1813 tantum-

253 1847 350 1909 modo
364 1847 516 1923 tenearis,
531 1852 566 1908 et
581 1847 622 1909 ad
638 1845 795 1928 majorem
817 1865 991 1907 numerum
1015 1846 1216 1908 sacerdotum
1232 1848 1402 1908 invenien-

252 1942 343 2020 dum,
358 1963 525 2025 quousque
547 1941 685 2021 fructus,
707 1943 865 2020 redditus,
887 1949 921 2004 et
941 1948 1115 2023 proventus
1138 1943 1217 2004 dicti
1232 1942 1401 2025 hospitalis

253 2039 463 2117 excreverint,
488 2059 527 2100 ex
552 2039 669 2121 quibus
696 2038 797 2121 major
820 2058 976 2100 numerus
1003 2039 1143 2100 inveniri
1175 2042 1296 2121 poterit
1322 2061 1400 2121 quo-

251 2134 430 2198 modolibet
451 2135 596 2197 arcearis.
641 2135 681 2196 In
704 2133 809 2217 cujus,
824 2139 886 2195 ete.
931 2133 1006 2195 Dat.
1022 2139 1083 2196 etc.
1100 2135 1172 2217 xxvj
1190 2135 1243 2196 die
1260 2134 1400 2211 Octobr,

251 2231 346 2293 Anno
368 2230 501 2292 Domini
521 2228 646 2291 Mill’i’o
668 2235 756 2291 ccc¹²⁰
771 2229 838 2307 lv'“,
854 2234 889 2291 et
911 2234 1028 2291 nostrae
1052 2229 1273 2292 translacionis
1288 2233 1398 2293 tercio,

79 2399 167 2460 (aas.)
317 2380 492 2459 Johannes,
521 2388 582 2443 etc.
607 2381 726 2443 dilecto
752 2381 820 2443 filio
845 2383 1000 2465 magistro
1027 2380 1170 2443 Johanni
1197 2384 1237 2445 de
1261 2383 1398 2462 Crakall,

78 2458 207 2562 ffiff'
252 2476 455 2540 decretorum
470 2476 603 2554 doctori,
618 2473 787 2557 hospitalis
813 2475 921 2537 Beatae
944 2477 1056 2538 Mariae
1071 2477 1251 2539 Madalenae
1274 2479 1399 2561 Rypon‘

78 2597 200 2646 Ausonio
252 2573 418 2656 magistre,
429 2571 578 2646 salutem,
587 2572 740 2653 graciam,
757 2576 792 2632 et
805 2569 1078 2632 benediccionem.
1123 2573 1192 2633 Tua
1208 2576 1342 2636 assercio
1357 2576 1399 2637 ad

72 2658 223 2776 mm
253 2673 396 2729 nostram
411 2665 550 2728 deducta
565 2664 720 2726 noticiam
743 2663 941 2743 manifestat,
957 2665 1042 2746 quod
1060 2671 1182 2728 statum
1197 2667 1276 2730 dicti
1292 2667 1400 2752 hospi·

82 2772 177 2821 &aaut
252 2761 328 2824 talis
342 2761 428 2844 quod
443 2764 589 2842 tempore
605 2760 772 2843 regiminis
787 2758 932 2842 ejusdem
953 2761 1014 2822 tibi
1029 2763 1190 2823 commissi
1206 2763 1239 2824 iu
1256 2764 1349 2827 bonis
1365 2773 1400 2828 et

77 2845 231 2936 fflffl'*
249 2855 379 2940 juribus
403 2857 443 2918 ad
467 2857 574 2937 ipsum
597 2852 757 2936 hospitale
780 2856 1002 2937 spectantibus
1024 2856 1211 2938 collapsum,
1238 2865 1273 2921 et
1298 2863 1400 2923 ruinis

77 2947 197 3009 somma
253 2952 460 3016 (edificiorum
475 2972 606 3014 suorum
621 2950 776 3013 invenisti
793 2949 1018 3034 multipliciter
1039 2951 1265 3033 deformatum,
1280 2960 1399 3039 partim

79 3007 169 3113 m
253 3049 294 3112 de
324 3049 460 3131 pecunia
492 3053 549 3109 tua
579 3047 717 3128 propria,
746 3047 866 3128 partim
895 3047 936 3109 de
965 3049 1104 3128 pecunia
1127 3070 1166 3111 ex
1190 3051 1399 3116 distraccione

79 3123 225 3243 iffi&
252 3145 429 3227 tignorum,
444 3148 673 3224 eaementarum
688 3141 779 3228 (sio),
795 3150 829 3205 et
840 3142 1013 3225 lignorum,
1024 3145 1080 3228 qui
1093 3145 1134 3207 de
1149 3145 1298 3210 domibus
1313 3150 1399 3231 apud

76 3266 129 3312 nr„
254 3239 404 3323 Stodelay
419 3245 495 3302 ante
510 3244 640 3322 tempus
655 3239 704 3300 tui
721 3240 889 3323 regiminis
911 3240 1027 3302 dirutis
1043 3246 1077 3303 et
1091 3245 1259 3323 prostratis
1274 3266 1398 3308 reman-

79 3324 202 3384 b¹¹¹¹⁶¹¹¹⁸¹
253 3343 372 3413 serant,
387 3337 427 3398 de
443 3335 637 3397 toleracione
652 3342 761 3397 nostra
774 3356 832 3417 per
843 3341 877 3397 te
893 3334 977 3398 faeta
991 3337 1026 3397 in
1042 3339 1159 3400 melius
1174 3342 1400 3423 multipliciter

78 3385 183 3431 mineus.
251 3431 443 3508 reformasti,
473 3437 565 3492 tuam
595 3435 761 3511 expertam
792 3431 986 3493 industriam
1017 3439 1052 3494 et
1082 3433 1322 3500 solicitudinem
1352 3438 1399 3500 la·

252 3525 409 3588 boriosam
433 3531 464 3586 et
489 3530 710 3606 sumptuosam
733 3523 891 3588 habentes
913 3527 947 3588 in
971 3526 1109 3591 Domino
1131 3534 1399 3611 commendatam,

252 3621 496 3683 distraocionem
507 3626 541 3680 et
552 3619 784 3682 alienaeionem
797 3621 958 3683 dictorum
968 3623 1147 3706 tignorum,
1159 3598 1407 3707 caementarum,

253 3722 288 3778 et
302 3717 476 3800 lignorum,
492 3714 531 3775 ad
548 3716 727 3777 utilitatem
742 3717 823 3778 dicti
837 3715 1005 3799 hospitalis
1020 3722 1144 3783 notorie
1159 3724 1349 3787 tendentem
1366 3733 1401 3788 et

77 3833 191 3883 Menon
252 3811 329 3873 inde
345 3811 602 3892 provenientem,
620 3817 723 3872 ratam
746 3809 904 3874 habemus
923 3814 1045 3896 pariter
1068 3821 1101 3877 et
1116 3824 1292 3899 acceptam,
1308 3828 1400 3884 tuam

77 3893 230 3999 ffifmfjtmffi
252 3907 480 3968 discrecionem
497 3903 712 3984 exhortantes,
729 3913 765 3970 ut
788 3908 951 3971 laboribus
968 3912 1152 3974 successivis
1168 3934 1259 3976 cures
1274 3916 1400 3979 dictum

77 4010 139 4115 non}
150 4009 221 4058 stud·
252 3998 412 4083 hospitale
424 4001 465 4061 ad
476 4001 533 4063 Dei
546 4002 675 4066 laudem
686 4009 721 4065 et
732 4002 896 4081 honorem,
908 4025 945 4066 ac
961 4026 1140 4088 pauperum
1153 4014 1188 4070 et
1199 4010 1399 4074 infirmorum

76 4067 172 4187 {fuir}
253 4098 536 4175 sustentacionem‚
566 4099 760 4184 diligencius
792 4100 977 4164 sublimare.
1033 4102 1107 4164 Dat.
1138 4106 1224 4186 apud
1256 4106 1399 4186 Cawode‚

252 4194 324 4276 xxvj
342 4195 395 4255 die
411 4194 562 4258 Decemb.
581 4197 673 4257 Anno
690 4199 751 4257 etc.
768 4193 889 4281 (mccc)
904 4192 972 4280 lvj¹⁰
993 4203 1026 4259 et
1047 4205 1163 4261 nostrae
1178 4203 1399 4265 translacionis

251 4292 375 4373 quinto.

77 4430 167 4497 (ssa)
319 4425 518 4492 Commissio
528 4426 920 4493 aloisitcndaccleaa'om
930 4428 1138 4511 collegiatam
1147 4430 1289 4515 Rypon’.
1306 4432 1398 4515 (Also
