2992 5010
57 292 129 365 152
323 358 329 371 ,
592 315 799 369 uasorum
824 315 869 367 os
894 314 1014 366 suos.

56 488 209 620 w&
230 579 256 641 t·
293 482 347 594 lle
369 484 431 639 1ῧί
453 485 556 597 igitur
571 484 813 595 Omnipotentis
834 448 994 545 immensa
1008 482 1226 590 misericordia
1241 486 1276 542 et
1295 480 1382 590 Beaj

58 606 145 668 Bw·
246 599 365 642 rssrmae
411 601 526 664 rrgmrs
541 581 653 642 Mariae
668 581 785 642 Matris
801 599 877 656 suae,
892 600 929 641 ac
943 578 1115 641 Beatorum
1126 579 1215 639 Petrr
1231 584 1266 640 et
1281 576 1379 638 Pauli

230 675 457 757 Apostolorum
484 676 566 759 ejus,
591 696 717 739 necnon
748 681 932 737 sanctorum
962 675 1181 737 confessorum
1208 671 1378 751 Willelmi,

231 767 401 849 Johannis,
435 779 470 834 et
499 772 652 849 wilfridi,
688 776 898 854 patronorum
934 778 1129 849 nostrorum,
1165 771 1379 850 omniumque

231 865 431 1024 tlttt
455 867 996 1026 ”illotil‘laindilllir
1010 865 1380 1025 tlltt‘ittttt?

230 1061 267 1120 et
289 1057 361 1119 aliis
381 983 518 1140 quorbem
539 984 713 1121 dioeeesanli'
737 1057 821 1120 hanc
842 1064 986 1121 nostram
1008 1058 1252 1142 indulgenciam
1273 1005 1380 1116 ratam

230 1150 406 1216 habuerint
421 1155 542 1236 pariter
558 1161 592 1216 et
613 1161 791 1236 acceptam,
809 1155 850 1216 de
873 1156 1012 1236 peccatis
1035 1156 1101 1216 suis
1117 1174 1192 1215 vere
1215 1153 1381 1234 poeniten·

230 1251 331 1328 tibus,
354 1254 514 1330 contritis,
539 1258 574 1316 et
602 1253 768 1333 confessis,
792 1256 849 1337 qui
879 1254 920 1316 ad
949 1256 1198 1336 reputacionem,
1226 1251 1379 1313 emenda·

229 1347 357 1409 cionem
395 1349 463 1410 sive
489 1368 605 1411 novam
630 1352 908 1412 construccionem
934 1348 1063 1411 fabricae
1089 1349 1233 1411 ecclesiae
1257 1353 1379 1409 nostrae

230 1394 412 1525 collegiritae
425 1444 570 1526 praedict.
592 1443 724 1528 gloriosi
739 1445 930 1509 contessoris
945 1445 1088 1506 Wilfridi
1110 1444 1258 1527 Ripouiae
1280 1442 1379 1504 dictae

73 1542 186 1648 “gisna
231 1542 350 1648 nostrae
381 1540 538 1618 dioeoesis,
568 1542 602 1602 in
631 1562 696 1624 qua
732 1542 804 1625 ejus
841 1542 1041 1604 venerabiles
1070 1541 1216 1622 reliquiae
1241 1537 1380 1601 honora-

56 1660 203 1731 0qsgwfl,
231 1632 343 1696 bihter
371 1635 533 1699 collocatae
562 1638 773 1721 requiescunt
805 1646 840 1701 et
869 1637 1038 1700 celebriter
1067 1642 1275 1711 venerantur,
1305 1654 1379 1715 quae

55 1718 141 1838 {m
231 1730 366 1841 quidem
391 1732 536 1810 ecclesia,
562 1733 641 1795 licet
666 1735 829 1816 quondam
854 1754 912 1844 per
935 1733 1141 1842 magnificam
1171 1730 1379 1807 industriam,

56 1860 209 1910 mem
231 1825 479 1910 largifluamque
507 1836 541 1891 et
578 1831 776 1913 peramplam
811 1829 1073 1893 munificencram
1103 1827 1249 1910 ejusdem
1287 1845 1382 1887 sanc-

55 1934 106 1967 vn
117 1923 179 1969 ¹>¹³¹¹2
231 1923 351 1985 tissimi
389 1924 590 2002 contessoris,
626 1925 830 2009 aliorumque
858 1932 945 1988 retro
978 1924 1171 2007 pontificum
1200 1922 1381 2004 praedeees-

55 1980 208 2085 ptyhpgqua
232 2038 341 2081 sorum
372 2027 555 2083 nostrorum
591 2021 728 2084 mirifico
758 2021 897 2104 quodam
929 2020 1048 2103 lapidei
1079 2019 1185 2102 operis
1215 2016 1380 2093 tabulatu,

56 2099 191 2157 carpsere.
231 2134 358 2178 necnon
374 2119 523 2199 speciosae
546 2118 779 2201 pulcritudinis
802 2119 922 2182 fabrica
944 2125 979 2179 et
1001 2122 1118 2179 ornatu
1134 2121 1240 2178 erecta
1255 2120 1289 2175 et
1303 2133 1381 2174 con·

231 2215 366 2290 structa,
391 2215 591 2296 notabilique
622 2220 657 2275 et
684 2214 862 2297 multiplici
886 2235 922 2276 ac
953 2214 1032 2275 satis
1061 2212 1197 2275 honesta
1223 2211 1380 2271 varietate

56 2414 106 2519 ξιξ
108 2429 183 2520 :13³3
230 2409 338 2464 corate
360 2403 487 2480 fuisset,
509 2401 575 2465 hiis
596 2409 706 2464 tamen
730 2405 850 2466 nostris
873 2405 1037 2466 modernis
1052 2405 1266 2486 temporibus,
1288 2403 1377 2484 quod

55 2545 198 2591 mm,
231 2496 380 2558 dolenter
415 2497 595 2573 referimus,
632 2498 756 2559 mundo
793 2518 920 2580 semper
951 2500 984 2559 in
1017 2498 1179 2561 deteriora
1210 2503 1378 2581 vergente,

30 2592 192 2696 'lflssss'ffi‘'
230 2591 353 2653 nedum
368 2590 410 2653 ob
432 2591 579 2673 ejusdem
602 2590 729 2653 fabricae
750 2592 887 2653 nimiam
909 2597 1119 2670 vetustatem,
1139 2614 1252 2656 verum
1276 2594 1378 2654 eciam

58 2663 191 2765 inimum}
231 2694 363 2768 propter
385 2686 599 2768 quorumdam
621 2684 822 2767 adquorum
845 2688 1049 2769 supervisum
1064 2708 1115 2749 res
1139 2690 1208 2768 ipsa
1232 2695 1378 2768 spectare

55 2780 208 2872 fffiffim
231 2781 407 2864 putabatur
435 2781 593 2843 desidiam
622 2786 658 2842 et
688 2782 860 2860 incuriam,
889 2784 969 2864 quin
1000 2803 1110 2864 ymmo
1140 2783 1181 2844 ob
1210 2783 1377 2842 defectum

231 2878 446 2959 reparacionis
468 2876 682 2938 accommodae
708 2878 911 2960 temporibus
933 2889 1092 2961 oportune
1119 2878 1245 2953 fieudae,
1260 2873 1378 2958 proch-

232 2973 332 3049 dolor,
356 2973 412 3035 sed
440 2972 593 3036 neclecta
620 2977 655 3035 et
684 2971 842 3038 hactenus
868 2975 1102 3058 praetermissae,
1128 2975 1217 3037 dicta
1243 2972 1380 3034 ecclesia

231 3070 353 3132 nedum
367 3071 403 3130 in
426 3069 495 3151 ipso
511 3089 605 3151 opere
628 3070 755 3152 lapideo
770 3090 883 3133 verum
898 3072 1001 3134 eciam
1022 3073 1179 3134 meremio
1195 3075 1229 3132 et
1249 3074 1379 3131 tectura

59 3182 154 3229 Fanul
232 3165 427 3228 mirabiliter
441 3170 491 3227 est
513 3172 673 3248 corrupta,
688 3170 724 3228 et
745 3170 870 3230 tantam
892 3172 1025 3250 tamque
1049 3168 1230 3230 terribilem
1248 3165 1377 3227 ruinam

57 3243 112 3286 ruin
123 3244 167 3287 tm·

56 3302 170 3361 unaing.
233 3263 379 3345 quotidie
395 3263 527 3324 minitat
543 3269 577 3325 et
599 3264 753 3341 minatur,
773 3265 859 3346 qnod
882 3265 985 3348 ipsius
1001 3264 1145 3327 ecclesiae
1167 3263 1327 3325 ministris
1344 3267 1379 3324 et

232 3359 441 3441 popularibus
470 3359 509 3419 ad
548 3359 651 3420 divini
680 3359 788 3421 cultus
825 3361 1017 3444 obsequium
1054 3360 1303 3443 persolvendum
1342 3363 1377 3419 et

232 3455 390 3516 orandum
416 3454 517 3516 donec
532 3453 633 3516 fuerit
655 3456 838 3535 emendata,
852 3457 973 3539 absque
995 3463 1085 3519 certo
1099 3458 1214 3519 mortis
1232 3453 1376 3538 periculo

53 3564 199 3614 Theanus
231 3552 268 3612 in
283 3552 386 3630 ipsam
402 3551 515 3612 solitus
531 3555 566 3610 et
587 3556 760 3612 consuetus
783 3552 937 3614 introitus
952 3572 1017 3613 nou
1039 3553 1178 3634 patebit,
1192 3554 1228 3613 in
1243 3555 1377 3612 tantum

53 3624 205 3744 ξοῆὶξρξῗθ
233 3647 318 3728 quod
343 3647 453 3708 divina
478 3644 581 3707 officia
609 3666 692 3727 qnae¹
709 3665 836 3727 semper
864 3647 1052 3708 inconcusse
1076 3669 1095 3708 a
1125 3650 1278 3730 primaeva
1307 3644 1378 3728 ejus

51 3739 154 3848 {suffice}
157 3759 210 3848 3115
233 3744 473 3804 construccione
494 3742 528 3802 in
544 3741 678 3802 ecclesia
692 3740 862 3824 collegiata
884 3739 970 3803 horis
985 3745 1246 3825 competentibus
1261 3742 1377 3804 diebus

52 3819 201 3922 narasyf'e
234 3838 371 3920 singulis
402 3859 477 3899 cum
516 3837 674 3918 exquisita
711 3835 915 3899 observancia
951 3840 1106 3901 continue
1144 3842 1379 3901 consueverant

233 3936 397 4012 celebrari,
409 3934 478 4017 jam
494 3955 591 4010 nunc,
603 3933 688 4014 quod
703 3952 768 3993 non
783 3932 924 3996 libenter
939 3936 1123 4014 recitamus,
1135 3942 1225 3998 extra
1241 3935 1378 3997 eandem

234 4030 412 4107 ecclesiam,
425 4030 618 4090 necessitate
634 4026 810 4089 excusabili
826 4038 1035 4113 perurgente,
1046 4032 1082 4092 in
1098 4032 1237 4114 quadam
1252 4030 1379 4092 modica

234 4129 339 4188 vicina
368 4126 511 4207 capella,¹
542 4125 663 4205 absque
694 4123 789 4185 solita
818 4129 853 4186 et
889 4133 1044 4188 consueta
1082 4127 1311 4207 solempnitate
1343 4125 1377 4185 in

41 4230 201 4291 pastorias
233 4242 352 4306 magua
379 4222 440 4283 loci
468 4220 620 4304 angustia
650 4217 806 4281 celebrari
835 4226 1031 4284 coartantur.
1076 4223 1130 4300 Et,
1153 4229 1271 4305 praeter
1300 4218 1381 4298 haec,

287 4361 329 4428 (1)
350 4358 486 4429 Probably
510 4358 557 4410 the
575 4354 683 4410 ancient
706 4355 801 4428 chapel
820 4355 852 4409 of
873 4374 924 4410 our
942 4357 1030 4428 Lady,
1047 4357 1200 4411 mentioned
1213 4357 1250 4427 by
1268 4355 1379 4409 Leland.

233 4440 282 4495 See
297 4439 388 4503 ablue,
401 4439 453 4492 vol.
468 4438 485 4492 i.
498 4455 542 4509 pp.
555 4437 599 4503 83,
611 4437 654 4489 84.
