2992 5010
254 336 428 392 amnicis
452 336 552 390 raon
578 337 674 390 roan
700 335 912 403 ano1sraas3
938 337 1091 392 aaaron.
1347 319 1420 393 105

94 505 333 585 mairacum,
342 512 507 568 crescente
519 505 733 584 contumacia,
745 503 949 568 exacuendns
964 506 1009 569 sit
1020 506 1244 571 ecclesiasticae

95 601 224 683 gladius
238 601 385 680 ulcionis,
400 605 440 663 ut
455 601 500 662 sic
514 601 623 683 ipsum
637 600 773 664 inclinet
787 602 953 684 asperitas,
968 621 1066 685 quem
1075 601 1124 664 lac
1133 602 1244 666 dulce-

95 695 182 757 dinis
207 716 273 758 non
296 696 432 774 emollit,
454 697 639 758 communio
661 696 809 760 fidelium
831 701 883 760 est
903 696 945 759 ab
967 717 1005 760 eo
1028 699 1144 759 merito
1168 699 1244 760 sub·

94 788 273 866 trahenda;
296 791 386 854 vobis
401 791 504 873 igitur
518 791 653 853 firmiter
669 791 870 874 injungendo
884 791 1073 854 mandamus
1088 794 1243 875 quatinus

94 885 266 967 praefatum
281 886 451 948 dominum
467 886 670 948 Ludovicum
682 888 717 948 in
728 886 829 948 forma
839 887 929 969 prius
938 886 1028 948 vobis
1039 887 1243 968 demandata,

95 981 410 1043 excommunicatum
440 981 569 1062 publice
599 982 761 1043 nuncietis
791 981 826 1042 in
855 981 942 1042 dicta
971 981 1105 1044 ecclesia
1133 987 1244 1045 nostra
1339 1022 1342 1027 ν

94 1073 221 1157 Bypon'
235 1080 270 1138 et
285 1074 422 1159 singulis
445 1074 588 1137 ecclesiis
610 1075 825 1158 praebendatis
848 1075 1005 1158 ejusdem,
1019 1097 1057 1138 ac
1076 1077 1149 1140 aliis
1163 1067 1250 1140 locis¹

94 1170 214 1252 quibus
236 1170 356 1233 viderit
378 1170 540 1252 expedire,
556 1171 694 1254 singulis
717 1170 832 1233 diebus
854 1169 1033 1233 Dominicis
1055 1177 1090 1235 et
1103 1173 1242 1251 festivis,

94 1266 182 1328 intra
196 1266 368 1328 missarum
384 1266 571 1347 solempnia,
587 1268 780 1328 auctoritate
803 1270 925 1343 nostra,
940 1267 1087 1346 firmiter,
1101 1268 1243 1350 publice,

94 1364 131 1423 et
152 1362 187 1422 in
209 1381 328 1444 genere
343 1359 531 1423 inhibeatur
545 1360 695 1422 omnibns
710 1359 991 1440 Christifidelibus,
1006 1382 1048 1425 ne
1064 1384 1140 1425 oum
1155 1363 1243 1427 dicto

93 1454 225 1517 domino
254 1453 450 1540 liudovico)
474 1455 645 1537 loquendo,
673 1455 808 1534 edendo,
834 1456 986 1536 bibendo,
1013 1478 1070 1520 seu
1100 1479 1243 1543 quoquo·

93 1550 189 1612 modo
204 1551 426 1633 participando
440 1552 694 1629 communicent,
709 1557 924 1634 praeterquam
939 1553 974 1614 in
990 1554 1117 1617 casibus
1132 1575 1151 1617 a
1165 1555 1242 1638 jure
1315 1561 1321 1573 '

93 1647 280 1727 permissis,¹
309 1646 522 1728 praedicentes
556 1651 590 1709 et
617 1645 828 1730 injungentes
858 1648 982 1710 eisdem
1012 1655 1052 1710 ut
1081 1669 1158 1712 eum
1188 1671 1243 1712 ex-

94 1743 369 1803 communicatum
391 1743 495 1803 arcius
516 1743 644 1803 evitent
666 1742 770 1803 modis
792 1742 954 1819 omnibus,
974 1749 1013 1805 ut
1032 1746 1243 1826 praemittitur

96 1839 131 1902 et
160 1837 327 1899 declinent
339 1859 349 1913 ;
377 1837 550 1918 inquiretis
573 1835 803 1899 nichilominus
827 1838 868 1900 de
891 1839 1076 1901 nominibus
1098 1860 1242 1903 commu·

94 1932 279 1993 nicancium
297 1952 372 1993 cum
392 1931 517 2009 eodem,
532 1952 623 2014 quos,
637 1953 713 1995 cum
728 1932 818 1994 vobis
838 1935 1021 1995 constiterit
1043 1934 1084 2010 de
1108 1934 1242 2012 eisdem,

93 2028 289 2089 nominatim
308 2032 343 2088 et
358 2028 511 2088 canonice
530 2029 703 2105 moneatis,
720 2033 754 2090 et
776 2028 947 2090 efficaciter
961 2029 1133 2107 inducatis,
1147 2034 1187 2091 ut
1201 2030 1242 2093 ab

92 2120 281 2204 hujusmodi
307 2122 603 2184 communicacione
629 2127 757 2185 cessent
779 2124 912 2205 penitus
942 2130 975 2186 et
1006 2125 1174 2202 desistant,
1200 2125 1241 2188 de

92 2237 231 2299 quorum
254 2237 291 2279 ac
317 2216 447 2278 illorum
473 2217 659 2279 nominibus
681 2220 738 2300 qui
759 2222 833 2300 post
856 2224 891 2280 et
912 2225 1024 2282 contra
1046 2221 1242 2282 moniciones

93 2317 214 2376 vestras
229 2314 392 2397 legitimas
408 2315 453 2375 eis
469 2313 569 2376 factas
584 2315 822 2376 communicare
838 2317 1102 2397 praesumpserint
1120 2321 1242 2378 temere

93 2429 169 2471 cum
182 2409 307 2488 eodem,
323 2429 359 2470 ac
381 2409 617 2472 monicionibus
640 2411 756 2472 vestris
779 2411 824 2470 sic
846 2408 1006 2488 factique
1028 2410 1069 2472 de
1093 2412 1181 2472 omni
1203 2431 1243 2474 eo

93 2505 180 2586 quod
204 2505 347 2567 feceritis
370 2506 405 2565 in
427 2503 487 2566 hac
508 2509 612 2585 parte,
636 2526 695 2568 nos
721 2506 802 2566 citra
825 2504 948 2566 festum
978 2503 1104 2568 Sanctae
1133 2505 1241 2568 Luciae
1269 2511 1325 2560 nso
1336 2513 1373 2560 1⁸·

94 2600 240 2683 Virginis
262 2620 352 2682 prox.
369 2598 440 2683 jam
459 2600 607 2662 futurum
627 2601 746 2662 curetis
761 2600 865 2662 facere
880 2601 1043 2679 cerciores,
1058 2622 1117 2683 per
1131 2601 1242 2663 literas

94 2699 216 2756 vestras
230 2701 392 2777 patentes,
407 2715 479 2777 quae
494 2693 609 2757 harum
625 2697 741 2758 seriem
757 2700 998 2778 repraesentent,
1009 2697 1243 2759 adenunciaci-

95 2789 222 2867 onibus,
233 2788 497 2869 inhibicionibus,
509 2794 543 2853 et
553 2791 790 2853 monicionibus
798 2789 984 2874 hujusmodi
994 2812 1059 2854 non
1069 2798 1242 2871 cessantes,

95 2906 261 2968 quousque
277 2886 366 2947 idem
381 2885 531 2947 dominus
546 2886 740 2962 Ludovicus‚
755 2886 795 2948 ad
806 2888 968 2969 gremium
985 2886 1112 2949 Sanctae
1126 2887 1242 2950 Matris

94 2982 245 3044 Eoclesiae
271 2979 441 3043 humiliter
462 2981 602 3058 rediens,
627 2981 841 3043 absolucionis
867 2981 1061 3044 beneficium
1082 2984 1118 3044 in
1140 2981 1243 3044 forma
1332 2994 1336 2999 “

88 3076 174 3160 juris
188 3078 345 3138 meruerit
359 3075 517 3152 obtinere,
527 3076 579 3137 vel
590 3075 678 3138 aliud
693 3096 713 3137 a
728 3074 820 3137 nobis
831 3077 1016 3156 receperitis
1024 3077 1060 3138 in
1069 3076 1241 3140 mandatis

93 3173 138 3234 Et
169 3172 246 3254 quia
275 3171 325 3232 illi
349 3176 525 3253 proventus
550 3171 758 3234 ecclesiastici
789 3175 867 3232 sunt
890 3170 1005 3232 merito
1031 3169 1242 3234 subtrahendi

93 3268 146 3328 cui
169 3266 311 3329 eeclesiae
332 3267 516 3328 communio
538 3266 730 3350 denegatur,
745 3285 856 3326 omnes
871 3263 1007 3342 fructus,
1029 3265 1184 3344 redditus,
1207 3270 1242 3329 et

93 3367 268 3444 proventus
283 3360 512 3423 ecclesiasticos
534 3360 618 3423 infra
638 3361 824 3423 districtum
839 3364 983 3422 vestrum
997 3360 1040 3422 ad
1055 3361 1241 3443 episcopum

94 3455 248 3518 Dunolm.
271 3456 548 3538 qualitercumque
574 3461 768 3538 spectantes,
792 3456 1010 3537 sequestretis,
1033 3459 1068 3516 et
1089 3455 1149 3517 sub
1171 3460 1241 3519 arto

95 3556 260 3634 sequestro
274 3550 399 3613 iacietis
414 3550 555 3613 fideliter
569 3552 735 3614 custodiri.
779 3550 907 3612 Valete.
952 3550 1027 3613 Dat.
1039 3551 1126 3634 apud
1140 3551 1242 3614 Aber-

94 3646 176 3725 iord,
192 3645 247 3729 viij
265 3646 315 3709 Id.
331 3647 503 3709 Novembr.
518 3647 614 3709 Anno
628 3647 744 3731 graciae
759 3650 821 3709 etc.
838 3652 997 3728 utsupra.

401 3838 678 3900 AROHBISHOP’S
702 3838 931 3895 VISITATION.

161 3904 346 4008 Venerabili
369 3947 403 4007 in
427 3943 554 4009 Christo
567 3945 653 4027 patri
675 3944 806 4007 domino
830 3965 889 4007 suo
909 3947 1094 4025 reverendo,
1110 3948 1241 4012 domino
1269 3974 1340 4080 (¹⁰⁰)

93 4041 270 4121 Willelmo,
286 4040 347 4103 Dei
373 4042 481 4125 gracia
503 4041 599 4103 Ebor.
615 4038 870 4124 Arehiepiscopo,
885 4041 1010 4126 Angliae
1032 4042 1174 4125 primati,
1190 4046 1240 4107 sui
1267 4034 1410 4140 mugil*

92 4138 153 4200 filii
168 4135 311 4199 humiles
327 4142 361 4199 et
376 4138 485 4199 devoti
501 4135 688 4218 Capitulum
703 4136 846 4199 eeclesiae
862 4136 997 4219 Rypon’,
1008 4138 1240 4218 obedienciam,
1271 4173 1391 4235 cmm„

92 4233 322 4311 reverenciam,
333 4239 368 4295 et
378 4231 533 4344 honorem
542 4232 652 4294 debita
662 4236 755 4294 tanto
766 4233 862 4315 patri.
895 4234 1087 4296 Mandatum
1097 4239 1240 4298 vestrum
1268 4235 1374 4352 ’ἔπαιε

92 4330 305 4393 reverendum
320 4350 500 4412 receprmus
514 4348 550 4391 m
565 4327 633 4392 haec
648 4329 754 4392 verba.
1268 4350 1358 4411 ΒΜ
1364 4365 1412 4412 pm

221 4440 265 4510 (l)
284 4437 335 4494 See
348 4438 531 4510 Lyndswode.
543 4437 591 4493 lib.
604 4457 629 4493 v.
643 4437 687 4494 tit.
703 4438 745 4508 17,
757 4444 820 4494 note
832 4437 859 4507 lr,
871 4455 898 4509 p.
910 4439 972 4510 352,
984 4439 1027 4495 ed.
1041 4439 1119 4495 1679.
