2992 5010
219 311 393 366 mamers
417 308 639 395 raouuoau
664 306 875 384 susurnam
901 316 1133 372 mauranus.
1351 292 1423 370 163

97 479 233 566 graliter
246 479 372 543 faciatis
387 485 423 544 et
435 481 584 545 celeriter
599 476 740 563 liberari,
749 484 871 569 absque
885 484 1071 549 retenoione
1086 504 1145 549 ssu
1153 484 1251 548 dimi·

97 575 395 659 nucionealiquali
409 577 462 640 vel
484 578 594 661 aliquo
615 578 656 641 ab
678 580 757 662 ipsis
778 581 949 665 exigendo,
964 581 1179 664 praesentibus
1193 601 1252 663 per

96 691 203 735 unum
224 692 348 735 anuum
377 693 398 736 a
426 674 503 736 data
525 676 701 738 earundem
730 678 885 740 continue
915 678 1155 740 numerandum
1178 681 1251 739 tan-

96 768 267 832 tummodo
281 769 457 832 duraturis.
488 769 552 833 Dat
566 769 693 853 Ripon‘,
708 779 764 834 xv⁰
778 772 832 835 die
846 773 968 835 mensis
984 771 1145 850 Octobris,
1155 772 1250 834 Auno

96 864 232 927 Domini
245 863 423 929 Millesimo
436 871 543 928 occo¹¹¹⁰
557 867 753 951 octogesimo
769 869 919 931 secundo.

164 1035 315 1116 Thomas,
344 1042 407 1101 eto.
438 1039 597 1102 universis
626 1043 661 1102 et
698 1040 837 1124 singulis
866 1040 1048 1119 abbatibus,
1078 1038 1250 1124 prioribus,
1275 1054 1346 1114 (sos)

97 1130 342 1212 archidiaconis,
380 1139 415 1197 et
451 1154 563 1197 eorum
600 1135 799 1213 officialibus,
836 1137 1075 1215 commissoriis,
1106 1135 1249 1213 decanis,
1272 1114 1402 1220 gfff?

97 1229 288 1306 rectoribus,
317 1230 455 1308 vicariis,
484 1230 659 1313 capellanis
688 1229 935 1314 parochialibus,
965 1237 1000 1294 et
1028 1232 1101 1294 aliis
1130 1232 1250 1294 Divina
1273 1255 1425 1316 stamma

97 1323 348 1403 celebrantibus,
376 1345 505 1387 necnon
537 1326 697 1409 religiosis
734 1328 995 1410 quibuscumque
1031 1347 1089 1410 per
1124 1332 1249 1390 nostras
1269 1315 1418 1434 mdc&

97 1421 276 1497 civitatem,
298 1421 474 1498 dioecesim,
495 1426 530 1483 et
546 1421 744 1503 provinciam
771 1423 867 1485 Ebor.
890 1422 1032 1486 ubilibet
1048 1423 1249 1500 constitutis,
1273 1431 1368 1492 Κίμων.

99 1515 239 1579 salutem
263 1517 298 1578 in
323 1537 361 1579 eo
386 1536 444 1599 per
469 1537 567 1599 quem
591 1517 630 1579 fit
655 1518 803 1580 remissio
823 1525 1039 1601 peccatorum.
1129 1519 1250 1581 Adver-

97 1616 207 1674 tentes
226 1612 387 1695 siquidem
409 1633 508 1695 quum
529 1612 677 1696 placatus
698 1613 806 1676 fuerat
828 1613 988 1676 Dominus
1010 1615 1045 1675 in
1069 1614 1250 1691 Salomone,
1273 1627 1377 1673 Threx-

98 1706 268 1771 hominum
285 1710 533 1791 sapientissimo,
548 1711 605 1792 qui
618 1709 687 1772 zelo
701 1708 951 1788 ferventissimo,
967 1711 1124 1792 impensis
1147 1711 1250 1772 maxi·
1274 1686 1393 1792 ξζῖξξξξ

99 1804 163 1866 mis
201 1825 221 1866 a
257 1805 361 1868 David
398 1806 601 1868 sanctissimo
639 1811 731 1888 patre
762 1825 819 1867 suo
849 1806 1045 1887 praeparatis,
1074 1805 1250 1889 gloriosum

98 1899 182 1963 illud
203 1901 364 1984 templum
384 1901 517 1963 Domini
539 1905 726 1963 extruxerat
748 1901 783 1962 in
809 1900 1002 1978 Jerusalem,
1016 1901 1051 1962 in
1078 1921 1141 1982 quo
1161 1899 1251 1963 holo-

98 2002 310 2075 caustomata,
333 1997 492 2074 victimas,
507 2002 542 2060 et
564 1996 696 2074 hostias,
714 1995 887 2058 brutorum
905 1996 1097 2059 animalium
1119 2016 1251 2078 corpora

99 2098 133 2155 ct
156 2095 358 2177 sanguinem,
385 2093 454 2156 Deo
477 2093 711 2170 immolaverat,
738 2098 773 2155 et
795 2094 831 2155 in
854 2091 936 2175 Cyro
959 2092 1132 2155 Persarum
1160 2111 1251 2175 rege,
1274 2108 1400 2172 oremus¹

98 2189 193 2271 cujus
224 2190 375 2272 spiritum
403 2190 572 2252 suscitavit
601 2189 690 2251 Deus
713 2193 753 2251 ut
781 2188 865 2250 filios
894 2187 1008 2265 Israel,
1031 2189 1067 2251 in
1093 2187 1251 2250 Babilone

98 2286 254 2367 captivos,
268 2286 310 2348 ad
325 2285 587 2348 reaedificandum
609 2290 644 2347 et
665 2285 916 2347 instaurandum
936 2282 1101 2366 templum
1116 2284 1250 2345 Domini

99 2379 135 2441 in
157 2380 339 2443 Jerusalem
359 2402 379 2444 a
399 2380 555 2464 gentibus
569 2380 774 2442 destructum
797 2384 833 2442 et
854 2379 1036 2442 desolatum
1059 2379 1177 2443 liberos
1200 2379 1251 2442 di·

98 2476 255 2553 mitteret,
277 2481 311 2538 et
325 2496 401 2539 vasa
421 2476 539 2559 templi
561 2476 689 2558 direpta
709 2477 909 2553 restitueret,
930 2476 1066 2558 ipseque
1088 2477 1248 2539 universis

98 2572 177 2634 viris
192 2575 317 2636 cunctis
331 2572 460 2637 inlocis
474 2572 661 2654 ubicunque
678 2570 904 2635 habitantibus
927 2577 966 2634 ut
987 2592 1077 2650 suro,
1099 2579 1248 2658 argento,

101 2667 294 2746 substancia,
309 2674 344 2731 et
365 2668 534 2751 pecoribus
556 2667 747 2751 adjuvarent
770 2668 884 2746 edixit,
904 2669 956 2730 uti
971 2667 1138 2751 Scriptura
1160 2688 1249 2731 sacra

99 2770 351 2840 commemorat3
373 2765 523 2847 quodque
546 2769 718 2848 postquam
741 2764 856 2827 umbra
871 2769 907 2827 et
921 2765 1010 2847 tipus
1031 2769 1249 2843 recessenmt,
1274 2776 1399 2827 Novtust

98 2865 133 2923 et
143 2860 357 2923 nobisveritas
367 2860 580 2943 patefactam
587 2862 696 2945 gracia
704 2861 861 2923 etveritas
871 2880 929 2942 per
937 2858 1072 2923 Ihesum
1082 2858 1248 2923 Christum
1273 2839 1425 2957 ww

97 2956 182 3019 datae
197 2955 331 3034 fuerint,
346 2956 451 3019 multo
465 2957 570 3040 magis
585 2961 754 3038 acceptum
769 2956 833 3017 erit
841 2955 910 3018 Deo
921 2960 956 3017 et
967 2957 1053 3018 inter
1061 2975 1158 3038 opera
1166 2957 1248 3019 osri-
1274 2945 1393 3016 iepram,

97 3053 176 3114 tatis
200 3053 419 3135 potissimum,
445 3052 653 3115 ecclesiarum
679 3050 800 3116 Christi
829 3052 870 3114 ad
897 3051 1000 3113 divini
1029 3051 1137 3113 cultus
1166 3071 1248 3135 aug-

97 3152 248 3210 mentum
270 3149 337 3210 Deo
352 3155 388 3211 et
403 3148 613 3212 Sanctissuis
628 3151 896 3225 consecratarum,
911 3147 945 3207 in
961 3145 1079 3228 quibus
1093 3166 1159 3208 non
1175 3151 1248 3209 tau·

97 3264 207 3306 rorum
222 3249 256 3306 et
270 3243 448 3307 vitulorum
462 3248 665 3307 mortuorum
688 3262 816 3324 corpora
838 3247 873 3304 et
895 3243 1026 3325 sanguis
1048 3247 1088 3304 ut
1109 3241 1189 3304 clim
1210 3243 1247 3305 iu

98 3340 267 3424 sinagoga¹
288 3340 510 3418 immolantur,
531 3340 588 3402 sed
607 3340 681 3401 viva
702 3344 737 3400 et
759 3357 834 3399 vera
856 3336 972 3416 hostis,
991 3337 1163 3421 Unigeniti
1186 3337 1247 3401 Dei
1272 3353 1372 3403 andus

98 3435 176 3497 Filii
191 3433 297 3498 Jhesu
313 3434 433 3499 Christi
448 3435 579 3497 Domini
594 3434 697 3497 nostri
713 3432 834 3515 Corpus
850 3439 885 3497 et
901 3433 1041 3519 Sanguis
1049 3434 1139 3516 prius
1147 3434 1247 3496 inara
1271 3412 1414 3521 ffiffl,

97 3533 202 3594 crucis
216 3552 274 3614 pro
293 3532 440 3594 omnium
456 3531 562 3594 salute
577 3531 722 3593 oblatum
737 3529 838 3608 Patri,
849 3528 925 3613 jugi
947 3528 1119 3592 sacerdotis
1133 3530 1247 3592 minis-
1271 3531 1365 3650 md,

96 3628 182 3690 torio
196 3648 254 3710 pro
268 3628 414 3689 vivorum
431 3627 535 3690 salute
558 3631 593 3689 et
609 3625 837 3688 defunctorum
851 3626 964 3708 requie
984 3624 1090 3688 indies
1112 3624 1247 3688 offertur

97 3728 133 3785 et
154 3723 351 3799 immolatur,
370 3722 428 3786 ubi
445 3721 487 3785 ab
505 3723 576 3805 ipso
595 3725 799 3803 peccatorum
821 3721 951 3784 veniam
970 3727 1005 3784 et
1022 3721 1246 3784 'remissionem

97 3837 232 3900 precum
254 3818 422 3880 instanciis
438 3816 677 3899 consequimur,
692 3817 938 3896 construocioni,
953 3816 1196 3893 instauraoioni,
1211 3824 1246 3878 et
1271 3828 1343 3876 much
1356 3842 1422 3881 moro

96 3911 269 3975 refeccioni
293 3933 477 3975 succurrere
493 3918 529 3975 et
544 3912 727 3976 subvenire.
773 3911 855 3977 Cum
870 3914 973 3996 igitur
988 3912 1123 3975 ecclesia
1135 3916 1246 3975 nostra
1270 3888 1402 3995 {mm

98 4008 269 4091 collegiata
291 4008 385 4070 Beati
399 4006 543 4070 Wilfridi
559 4008 685 4091 Ripon’,
700 4007 779 4071 olim
801 4007 951 4090 splendor
974 4014 1009 4070 et
1029 4008 1127 4070 decus
1143 4006 1247 4070 ecole-
1270 4006 1361 4109 '2⁹⁶2

96 4103 220 4166 siarum
242 4104 278 4165 in
300 4103 442 4166 occiduis
461 4104 609 4186 partibus
630 4109 748 4166 nostrae
770 4102 917 4166 dioecesis
939 4103 1036 4166 Ebor.
1052 4105 1094 4167 de
1108 4122 1245 4166 numero
1269 4077 1423 4193 fsh'fsshffr‘e,

96 4201 226 4282 copioso
244 4200 468 4262 ministrorum
488 4199 549 4262 Dei
568 4199 719 4262 noctibus
741 4204 776 4261 et
798 4198 913 4263 diebus
928 4200 963 4262 in
979 4219 1018 4262 ea
1031 4198 1244 4282 psallencium
1269 4203 1391 4310 {mg}

153 4360 163 4416 l
167 4359 196 4425 1)
216 4359 273 4427 Le,
285 4357 312 4412 in
324 4358 371 4412 the
382 4358 485 4413 Jewish
497 4375 528 4414 as
539 4358 656 4432 opposed
666 4363 696 4413 to
714 4357 762 4413 tho
773 4357 911 4414 Christian
923 4356 1042 4428 Church,
1054 4357 1144 4413 unless
1154 4356 1178 4413 it
1189 4374 1245 4412 was

98 4438 217 4508 thought
228 4436 291 4492 that
301 4437 432 4493 sacrificos
442 4454 513 4493 wera
522 4437 621 4493 offered
632 4437 662 4492 in
674 4449 848 4508 synagogam.
905 4498 907 4501 .
1042 4454 1047 4461 ·

642 4533 694 4580 112
