2992 5010
247 325 421 377 uxrurcrs
447 324 546 376 raon
572 323 669 375 roan
694 323 906 390 auorsrnas3
932 326 1125 378 morasus.
1365 308 1437 381 129

106 491 182 555 vide
206 494 392 571 attendens,
408 493 494 577 quod
510 493 636 556 dictum
652 490 824 575 hospitale,
841 514 897 575 per
919 494 1079 556 incuriam
1096 500 1132 557 et
1154 495 1262 579 negli·
1287 503 1368 550 mala
1379 504 1440 564 gina

107 591 254 670 gentiam
282 591 454 652 custodum
478 589 625 672 ejusdem
646 589 703 671 qui
728 609 786 670 pro
811 597 954 670 tempore
982 593 1159 652 extiterant
1181 613 1262 673 prae-
1286 564 1397 682 fflffi

107 680 176 745 fato
191 691 302 746 stauro
318 687 385 747 sive
407 686 632 768 implemento,
646 705 683 746 ac
699 684 772 746 aliis
795 683 893 746 rebus
914 691 949 746 et
964 684 1057 747 bonis
1073 687 1140 747 suis
1155 684 1262 749 fuerat

108 780 200 856 quasi
230 782 363 860 penitus
394 781 603 856 destitutum,
634 786 670 842 et
707 779 813 842 adhuc
842 782 878 842 in
909 781 975 842 suis
1012 780 1195 843 redditibus
1226 789 1261 845 et

106 876 317 954 proventibus
337 877 417 939 adeo
432 877 632 938 diminutum
654 881 687 939 et
703 877 890 958 collapsum,
905 877 992 958 quod
1008 877 1092 939 bona
1114 876 1260 959 ejusdem

107 968 149 1029 ad
183 972 458 1032 sustentaoionem
488 991 668 1052 pauperum
696 977 730 1033 et
759 972 961 1033 infirmorum
991 971 1186 1055 degencium
1224 975 1260 1035 in

107 1065 234 1142 eodem,
249 1086 285 1127 ao
308 1066 372 1128 alia
395 1087 492 1129 onera
507 1067 613 1128 eidem
636 1066 865 1128 incumbenoia
881 1068 1099 1149 supportanda
1115 1068 1259 1132 sufficere

108 1179 170 1221 nor-
193 1162 339 1242 poterint
361 1160 426 1224 hiis
441 1162 577 1239 diebus3
601 1169 635 1223 et
649 1168 819 1243 propterea
833 1164 887 1244 pie
902 1162 1057 1224 affectans
1072 1161 1260 1245 hujusmodi

107 1255 247 1318 exilitati
264 1258 339 1318 novi
351 1259 556 1339 opposicione
572 1258 708 1319 remedii
723 1278 898 1336 occurrere,
909 1259 1038 1320 intuitu
1052 1259 1208 1336 caritatis,
1217 1260 1259 1322 ad

107 1350 239 1412 laudem
257 1352 317 1413 Dei
333 1358 368 1414 et
383 1354 434 1414 sui
450 1354 558 1416 cultus
581 1360 808 1436 augmentum,
824 1359 858 1415 et
876 1355 911 1415 in
925 1353 1160 1416 relevationem
1176 1354 1258 1416 diui

107 1443 276 1528 hospitalis
301 1469 338 1509 ac
366 1451 647 1530 supportacionem
670 1448 920 1510 elemosinarum
943 1455 977 1512 et
1000 1470 1135 1511 onerum
1152 1449 1258 1512 eidem

106 1543 289 1624 antiquitus
305 1544 579 1622 incumbentium,
595 1545 635 1605 de
650 1564 739 1605 mera
754 1549 789 1605 et
811 1545 956 1627 gratuita
976 1544 1172 1607 liberalitate
1188 1565 1258 1622 sua,

107 1638 199 1700 dedit
215 1643 249 1700 et
263 1642 422 1702 concessit
436 1641 567 1703 domino
587 1638 729 1703 Johanni
745 1640 785 1702 de
802 1640 890 1723 Brig’
905 1661 992 1702 nuno
1008 1641 1134 1702 custodi
1150 1638 1260 1723 hospi·

106 1733 182 1794 talis
208 1735 366 1816 praedioti,
382 1739 513 1799 nomine
534 1737 636 1799 stauri
662 1737 729 1798 sive
752 1736 959 1818 implementi
974 1736 1055 1797 dicti
1077 1734 1258 1818 hospitalis,

107 1830 264 1892 nonnulla
287 1833 413 1910 catalla,
436 1853 497 1910 res,
519 1839 554 1894 et
579 1832 674 1911 bona,
694 1852 767 1915 quae
793 1833 828 1893 in
853 1831 1029 1893 indentura
1052 1831 1257 1914 infrascripta

106 1925 234 2007 plenius
257 1929 478 2007 continentur,
493 1930 534 1990 ad
556 1929 657 1990 finem
678 1934 713 1990 et
734 1927 891 1990 effectum
914 1933 952 1989 ut
967 1929 1075 1990 dictus
1091 1925 1256 1990 Johannes

106 2042 194 2084 nuno
209 2030 317 2084 custos
345 2045 383 2085 ea
405 2026 514 2087 omnia
536 2032 570 2087 et
597 2023 726 2108 singula
750 2023 800 2085 vel
823 2023 1006 2086 consimilia
1031 2023 1117 2104 aequi
1140 2022 1256 2086 valoris

105 2118 216 2180 futuro
232 2120 405 2181 successori
429 2141 487 2182 suo
509 2121 673 2203 relinquat
696 2120 824 2203 integre
851 2125 886 2181 et
901 2117 1049 2180 dimittat
1069 2138 1127 2199 per
1142 2117 1257 2180 inden-

105 2220 212 2276 turam
228 2215 305 2277 inde
320 2216 561 2294 conficiendam,
577 2223 611 2279 et
634 2217 679 2279 sic
694 2215 846 2296 deinceps
862 2215 903 2277 de
925 2234 1106 2276 successore
1129 2214 1164 2274 in
1181 2234 1253 2276 suc·

104 2331 260 2373 cessorem
276 2312 334 2373 fiat
355 2314 597 2395 imperpetuum
620 2313 818 2394 temporibus
840 2311 1037 2394 profuturis3
1059 2315 1154 2373 tenor
1180 2332 1254 2374 vero

106 2407 201 2468 dictae
217 2408 399 2470 indenturae
415 2429 472 2490 per
487 2410 596 2470 omnia
612 2409 687 2470 talis
703 2414 763 2472 est.

171 2503 249 2565 Haeo
278 2504 452 2566 indentura
481 2503 567 2567 facta
597 2507 684 2567 inter
708 2503 922 2566 reverendum
949 2505 1054 2566 virum
1084 2503 1255 2565 dominum
1279 2514 1382 2562 Dauos

105 2600 285 2661 Henricum
310 2601 350 2662 de
371 2600 509 2684 Ingelby
524 2603 714 2664 canonicum
739 2601 845 2677 Ebor.‚
860 2605 1098 2683 procuratorem
1121 2619 1254 2662 venera-
1278 2577 1376 2691 ἔξω,

104 2695 178 2757 bilis
194 2697 254 2757 viri
269 2696 394 2757 domini
411 2697 514 2758 David
530 2697 570 2759 de
586 2698 740 2775 Wollour,
749 2697 895 2758 canonici
910 2695 1006 2757 Ebor.
1019 2716 1060 2758 ex
1073 2699 1166 2778 parte
1178 2715 1253 2773 una,
1278 2704 1331 2740 Μ’·
1343 2693 1408 2740 ¹³⁷⁰·

105 2797 140 2853 et
154 2791 322 2853 dominum
338 2790 519 2854 Jobannem
535 2792 576 2854 de
599 2792 710 2876 Brigg'
732 2792 947 2874 capellanum,
963 2791 1130 2853 custodem
1145 2787 1254 2872 hospi·

103 2887 178 2948 talis
195 2886 305 2949 Sancti
320 2885 479 2949 Johannis
494 2886 652 2969 Baptistae
668 2884 794 2969 Rypon'
809 2907 849 2948 ex
870 2886 985 2962 altera,
1001 2890 1143 2948 testatur
1165 2886 1253 2967 quod

103 3003 178 3044 oum
201 2982 335 3044 celebris
358 2983 521 3044 memoriae
543 2983 693 3045 dominus
717 2980 867 3058 Thomas,
892 2983 1055 3064 quondam
1079 2977 1253 3062 archiepis·
1278 2995 1430 3056 menbrana>

103 3098 202 3159 copus
218 3078 313 3138 Ebor.
329 3078 509 3139 ordinasset
525 3083 559 3140 et
575 3079 771 3140 decrevisset
793 3077 878 3158 quod
896 3077 1057 3139 sexdecim
1073 3075 1171 3137 boves
1192 3095 1252 3156 pro
1277 3054 1429 3171 fflffiff'

102 3173 299 3255 agricultura
314 3171 482 3254 hospitalis
500 3175 657 3256 praedicti,
674 3179 706 3235 et
722 3173 787 3235 duo
803 3173 878 3254 equi
894 3177 927 3233 et
945 3171 1010 3234 duo
1027 3175 1133 3232 aratra
1153 3174 1186 3231 et
1202 3176 1253 3231 at-

102 3269 197 3347 tillia,
220 3289 345 3332 necnon
370 3290 474 3331 unum
500 3270 683 3352 plaustrum
707 3274 741 3330 et
770 3287 838 3329 una
860 3273 985 3330 carecta
1006 3286 1080 3328 oum
1104 3264 1197 3327 ferris
1218 3270 1254 3328 et

102 3371 173 3427 tota
195 3365 327 3443 attillia,
342 3387 414 3449 quae
430 3367 519 3430 Will.
546 3368 587 3430 de
612 3367 786 3442 Somerset,
802 3364 927 3426 dudum
949 3367 1058 3425 custos
1081 3359 1252 3444 hospitalis

102 3460 259 3544 ejusdem,
282 3462 323 3523 ad
338 3483 420 3544 opus
442 3463 537 3526 diotae
559 3464 674 3525 domus
698 3461 891 3538 contulerat,
907 3460 1014 3521 eidem
1036 3456 1189 3540 hospitali
1211 3458 1252 3520 ad

103 3578 180 3619 usus
209 3578 389 3640 pauperum
419 3564 455 3620 et
476 3560 678 3621 infirmorum
707 3556 830 3620 ibidem
854 3561 1013 3638 perpetuo
1034 3557 1252 3632 remanerent,

102 3660 199 3736 prout
214 3655 249 3715 in
275 3654 405 3717 decreto
427 3661 462 3717 et
484 3656 689 3718 ordinacione
715 3654 878 3736 praedictis
902 3652 1031 3734 plenius
1054 3651 1252 3739 continetur.

102 3753 147 3813 At
160 3752 377 3832 postmodum,
393 3773 451 3834 per
464 3754 623 3815 incuriam
640 3755 674 3814 et
687 3751 926 3835 negligenciam
949 3748 1121 3812 custodum
1143 3745 1253 3830 hospi·
1276 3765 1328 3812 rho
1338 3769 1413 3825 good·

101 3846 176 3908 talis
199 3847 287 3908 illius
302 3849 359 3929 qui
382 3869 439 3930 pro
460 3853 607 3931 tempore
631 3849 771 3926 fuerant,
786 3847 874 3908 idem
897 3843 1058 3928 hospitale
1073 3843 1115 3905 de
1142 3849 1252 3906 stauro
1276 3825 1392 3941 ssfflgi,

102 3943 169 4004 sive
194 3942 408 4024 implemento
429 3942 618 4026 hujusmodi
639 3943 771 4006 fuerant
792 3940 874 4027 (sio)
895 3942 1027 4024 penitus
1042 3939 1251 4017 destitutum,
1276 3942 1374 3989 vuar.

100 4038 274 4121 praediotus
297 4038 448 4101 dominus
475 4040 592 4117 David,
615 4039 802 4102 desiderans
826 4035 986 4118 hospitale
1013 4034 1096 4097 illud
1122 4053 1159 4095 ao
1186 4033 1252 4095 ele-

100 4136 241 4196 mosinas
256 4156 328 4217 quae
343 4135 389 4197 ibi
405 4138 581 4199 sustentari
596 4139 840 4210 consueverant,
852 4132 1005 4195 videlicet
1015 4130 1252 4194 celebraciones

101 4231 272 4292 missarum
299 4252 357 4314 per
383 4233 576 4316 magistrum
600 4233 680 4295 dicti
704 4232 765 4294 loci
793 4231 860 4292 sive
883 4227 1022 4290 alterum
1047 4225 1251 4309 capellanum

100 4327 262 4410 ydoneum
279 4328 314 4389 in
330 4328 454 4411 capella
468 4329 615 4410 ejusdem
630 4328 704 4405 loci,
712 4346 838 4389 necnon
849 4322 1068 4415 exhibiciones
1076 4340 1250 4406 puerorum
1274 4325 1383 4435 wll:

100 4443 281 4505 pauperum
306 4423 477 4486 scolarium
501 4424 744 4506 prolicienoium
767 4424 802 4484 in
826 4420 919 4484 scolis
943 4415 1252 4502 grammaticalibus,

169 4534 242 4580 vot.
260 4535 295 4581 11.
665 4534 687 4580 Κ
