2992 5010
136 339 313 394 munstre
338 339 436 392 mou
461 341 559 394 roas
583 341 798 408 mammam
824 342 1050 395 sarmarum
1078 319 1159 418 (u).
1354 322 1400 396 79

72 528 129 572 vos
150 508 340 592 pertinente
354 507 424 570 vice
439 512 547 571 vestra
561 509 803 593 praesumpserit
826 530 1001 589 excercere,
1017 530 1058 573 ex
1079 526 1167 571 nunc
1188 504 1224 566 in
1250 517 1401 590 sangun-

72 605 206 666 irritum
228 622 415 665 revocamus
436 623 474 665 ac
503 603 643 682 nullum,
666 624 804 681 cassum,
827 610 862 668 et
891 607 1022 668 irritum
1053 624 1121 667 esse
1151 620 1225 683 pro-
1250 578 1375 707 ffiffi,

72 699 279 774 nunciamus,
301 695 436 780 justicia
458 701 621 784 exigente.
666 699 792 762 Valete.
838 700 912 763 Dat.
929 701 1015 783 apud
1031 695 1226 761 Munketon'
1249 694 1392 766 crepantum

71 814 172 878 prope
187 792 326 877 Rypon’,
339 793 418 878 xxiij
434 795 488 858 die
504 794 662 874 Octobris,
677 795 773 859 Pont.
788 798 893 859 nostri
907 816 993 859 anno
1007 796 1142 858 decimo.
1246 755 1360 858 hhrdfm

137 947 337 1026 Willelmus,
359 951 422 1010 etc.
437 947 556 1010 dilecto
578 947 646 1010 filio
667 947 795 1010 officiali
820 954 932 1012 nostro
954 949 1049 1012 Ebor.
1074 947 1224 1023 salutem,
1249 949 1371 1054 ffldffi

72 1050 136 1107 etc.
196 1042 281 1117 Quia
309 1043 351 1105 ad
380 1043 557 1105 instantem
586 1044 833 1125 requisitionem
858 1044 976 1107 nobilis
1006 1045 1067 1106 viri
1092 1040 1224 1103 Thomas
1248 1041 1378 1114 o'etssaa'

73 1139 203 1202 comitis
217 1137 424 1215 Lancastriae,
445 1143 479 1200 et
501 1138 704 1220 quorundam
726 1139 863 1201 aliorum
886 1160 1054 1221 procerum
1077 1142 1112 1200 et
1133 1156 1225 1219 mag·
1253 1147 1392 1218 σοκροωοῑο

74 1238 204 1312 natum,
234 1234 275 1296 de
304 1234 441 1296 concilio
470 1239 505 1296 et
534 1254 693 1296 consensu
717 1279 725 1297 .
750 1280 759 1298 .
782 1235 895 1297 decani
929 1236 1071 1298 ecclesiae
1105 1236 1223 1296 nostrae
1249 1206 1380 1325 md„

74 1329 172 1392 Ebot.
189 1349 247 1410 pro
262 1326 450 1391 defensione
464 1330 558 1412 regni
574 1334 608 1391 et
624 1329 765 1392 ecclesiae
780 1330 977 1412 Anglicanae,
992 1351 1028 1392 ac
1044 1329 1223 1411 praesertim
1249 1324 1400 1427 &wrm

1333 1416 1339 1438 ‚

68 1425 213 1487 istarum
227 1423 373 1506 partium
387 1423 566 1487 borealium
575 1428 686 1486 eontra
698 1424 809 1487 Scotos
818 1423 964 1508 (quibus,
974 1425 1060 1507 quod
1075 1423 1223 1486 dolenter
1242 1440 1315 1500 saca
1324 1441 1392 1500 apua

72 1520 257 1598 referimus,
286 1520 350 1581 nisi
379 1519 523 1600 ipsorum
552 1520 759 1582 inimicorum
784 1522 1001 1602 persecutioni
1026 1525 1061 1582 et
1086 1520 1223 1582 malicias
1248 1498 1383 1545 ΜΝ·

74 1617 172 1678 citius
188 1615 349 1692 obvietur,
364 1613 622 1692 homicidiorum,
637 1616 872 1693 incendiorum,
888 1620 922 1678 et
934 1616 1223 1697 depraedationum,

73 1731 109 1773 ac
123 1711 190 1772 alia
210 1710 414 1773 inevitabilia
435 1709 578 1793 pericula
592 1710 760 1781 evidenter
782 1712 944 1773 cernimus
959 1707 1148 1793 imminere)
1172 1711 1225 1771 in·

73 1806 240 1868 tendimus
255 1805 308 1867 die
323 1806 425 1867 Lunae
439 1805 584 1887 proxima
598 1811 671 1886 post
685 1805 807 1868 festum
821 1805 1025 1867 Ascensionis
1040 1804 1171 1865 Domini
1187 1806 1223 1865 in

75 1901 211 1963 ecclesia
234 1898 410 1982 parochiali
434 1900 474 1962 de
498 1899 693 1962 Doneoastre
716 1921 791 1964 cum
813 1901 898 1962 clero
913 1905 1031 1962 nostrae
1046 1899 1223 1975 dioecesios,

74 2016 109 2058 ac
124 1997 214 2060 dicto
228 1996 348 2058 comite
362 1996 566 2072 lancastriae,
581 1997 769 2079 caeterisque
790 1995 953 2058 nobilibus
969 2000 1003 2057 et
1018 1993 1224 2075 magnatibus

73 2093 214 2154 istarum
230 2092 384 2175 partium,
397 2111 455 2174 pro
470 2089 658 2153 defensione
680 2091 834 2174 praedicta
856 2090 972 2153 habere
995 2089 1166 2152 consilium
1189 2093 1224 2151 et

74 2191 271 2262 tractatum3
293 2190 334 2248 ut
364 2185 490 2264 saltem,
521 2185 640 2247 Divino
669 2186 830 2269 adjutorio
854 2186 1031 2262 mediante,
1061 2184 1222 2246 dictorum

73 2282 280 2344 inimicorum
301 2282 457 2364 nequitias
472 2281 576 2343 modis
591 2286 626 2344 et
647 2282 709 2343 viis
724 2283 816 2345 nobis
839 2281 1046 2364 possibilibus
1063 2279 1223 2357 obvietur,

74 2377 178 2440 donec
192 2377 343 2439 dominus
365 2381 475 2439 noster
496 2396 553 2438 rex
576 2376 715 2459 Angliae,
731 2383 766 2439 et
791 2378 886 2460 regni
911 2397 1057 2458 proceres
1080 2395 1116 2437 ac
1131 2395 1224 2459 mag-

74 2479 177 2549 nates,
193 2491 310 2533 manus
324 2471 365 2534 ad
380 2470 450 2534 haec
464 2473 674 2554 apposuerint
696 2470 870 2554 adjutrices
882 2493 891 2548 3
914 2472 1006 2534 vobis
1020 2471 1222 2548 mandamus,

74 2568 213 2630 firmiter
227 2565 449 2650 injungentes,
464 2572 625 2649 quatenus
641 2569 750 2629 citetis
775 2588 832 2630 seu
846 2568 938 2629 citari
961 2567 1088 2629 faciatis
1110 2586 1223 2629 omnes

74 2664 219 2742 abbates,
231 2668 266 2725 ot
279 2665 401 2746 priores
416 2663 548 2726 abbates
564 2664 707 2745 proprios
717 2682 783 2724 uon
797 2661 964 2739 habentes,
973 2668 1043 2724 tam
1057 2665 1223 2743 exemptos

75 2780 174 2842 quam
188 2778 255 2821 nou
279 2763 457 2840 exemptos,
471 2778 599 2821 necnon
621 2755 863 2820 archidiaconos
887 2764 921 2820 et
948 2757 1092 2840 capitula
1113 2762 1223 2818 nostra
1247 2770 1387 2830 machao

76 2855 254 2932 Beverlaci,
281 2852 412 2932 Suwell,
439 2860 474 2915 et
497 2853 623 2935 Rypon,
646 2873 683 2914 ac
709 2853 880 2932 Houedon,
904 2859 1075 2936 totumque
1099 2853 1222 2915 clerum
1248 2830 1398 2947 {ffiwsth

76 2958 193 3014 nostrae
208 2950 383 3026 dioecesios,
399 2949 485 3031 quod
507 2949 608 3011 fidem
622 2948 755 3011 abbates
772 2954 806 3012 et
820 2952 941 3032 priores
951 2949 1171 3032 personaliter,
1186 2967 1222 3009 ao
1248 2921 1334 3002 ornem:
1345 2960 1385 2993 trs

76 3045 290 3109 archidiaconi
311 3066 368 3127 per
384 3064 418 3107 se
434 3045 486 3107 vel
508 3065 566 3127 per
579 3045 714 3107 vicarios
738 3065 822 3122 suos,
838 3045 966 3129 singula
989 3064 1063 3106 vero
1081 3042 1223 3125 capitula
1247 3012 1355 3122 ξςῗιῗέι

76 3163 132 3224 per
147 3162 263 3218 unum,
277 3161 313 3202 ac
328 3141 433 3202 clerus
448 3160 506 3222 per
520 3139 601 3202 duos
613 3144 833 3222 procuratores
853 3140 996 3215 idoneos,
1009 3138 1223 3200 sufficientem
1247 3122 1369 3227 ΜΠ,

77 3241 275 3319 potestatem
289 3233 458 3313 habentes,
474 3208 569 3297 udus
585 3235 638 3296 die
654 3239 690 3297 et
704 3235 774 3297 loco
788 3256 894 3297 coram
910 3234 1002 3297 nobis
1017 3234 1223 3312 compareant

77 3353 173 3414 super
181 3333 353 3414 praemissis
364 3331 534 3394 nobiscum
543 3336 578 3392 et
587 3351 662 3392 cum
674 3331 771 3393 dictis
780 3330 987 3414 magnatibus
999 3333 1033 3391 et
1038 3327 1222 3409 proceribus

76 3429 259 3505 tractaturi,
285 3449 322 3489 ac
353 3426 479 3489 salubre
501 3426 674 3488 consilium
696 3427 887 3508 impensuri,
910 3430 945 3487 et
967 3425 1138 3487 efficaciter
1161 3424 1223 3485 im·

77 3524 198 3605 pleturi
227 3544 266 3585 ea
295 3543 368 3606 quae
397 3523 438 3584 de
468 3522 632 3583 communi
663 3521 797 3583 consilio
826 3541 883 3603 pro
913 3519 1001 3581 dicta
1023 3519 1223 3597 defensione,

77 3619 207 3682 favente
215 3618 367 3696 Domino,
376 3617 500 3681 fuerint
516 3616 703 3695 ordinanda,
715 3617 857 3698 qualiter
872 3620 983 3678 autem
998 3613 1059 3677 hoc
1075 3620 1223 3678 nostrum

76 3715 268 3777 mandatum
289 3713 419 3776 fueritis
442 3713 580 3791 executi,
594 3712 689 3775 nobis
711 3713 793 3774 citra
820 3713 944 3774 dictum
966 3711 1055 3772 diem
1078 3715 1222 3773 constare

76 3809 204 3873 faciatis
218 3830 278 3893 per
291 3814 414 3872 vestras
439 3813 589 3891 patentes
604 3808 716 3870 literas
738 3805 854 3869 harum
878 3808 992 3869 seriem
1007 3807 1221 3868 continentes.

76 3906 204 3995 Valete.
248 3905 334 3967 Data
347 3903 435 3986 apud
450 3903 568 3986 Scroby
583 3902 632 3966 Id’
647 3903 777 3985 Aprilis,
792 3901 1000 3984 pontificatus
1016 3902 1118 3964 nostri
1139 3920 1223 3962 anno

77 4000 227 4064 decimo.¹

141 4147 338 4224 Willelmus,
353 4152 415 4211 etc.
430 4147 551 4210 dilecto
573 4148 607 4210 in
635 4145 761 4211 Christo
776 4145 843 4208 filio
866 4146 997 4208 domino
1022 4144 1160 4207 Ricardo
1182 4144 1223 4206 de
1248 4143 1377 4250 Sillim&

77 4245 229 4327 Henney,
239 4244 391 4305 canonico
406 4243 547 4304 ecclesias
562 4247 679 4305 nostras
691 4241 827 4325 Rypon',
839 4241 990 4318 salutem,
999 4245 1061 4302 etc.
1096 4240 1223 4313 Quanto
1247 4259 1300 4307 oo„
1311 4261 1348 4306 aa.

131 4371 175 4438 (1)
196 4368 311 4423 Printed
328 4367 398 4421 from
407 4366 516 4422 Raiua's
536 4365 648 4433 Macra,
660 4384 686 4438 p.
700 4367 761 4422 245.
799 4368 826 4419 A
836 4366 940 4419 similar
952 4366 1033 4420 letter
1046 4365 1069 4418 is
1081 4363 1223 4417 addressed

76 4455 105 4502 to
117 4448 164 4501 the
177 4448 254 4502 Daan
267 4447 320 4501 and
332 4445 452 4518 Chapter
464 4444 495 4498 oi
503 4444 587 4498 Yorlr.
