2992 5010
428 121 600 173 EXTRAC'I'S
626 120 724 172 FROM
751 119 847 172 YORK
871 119 1083 185 mersans&
1110 121 1264 172 MELTON.

261 287 448 371 jurisdiccio
471 289 647 371 spiritualis
674 288 809 370 qualis.
834 334 843 350 .
868 334 876 351 .
901 287 1077 350 Ordinariis
1107 289 1251 351 locorum
1275 289 1315 351 de
1341 289 1416 371 jure
1442 297 1490 343 Μο-

264 386 428 447 communi
453 386 488 447 in
514 388 580 447 suis
606 385 747 447 subditis
771 386 930 467 competit
954 386 1143 464 exercenda,
1167 386 1203 446 in
1228 386 1353 447 vicariis
1382 391 1417 446 et
1441 373 1496 459 ἦρι

264 481 337 543 aliis
353 482 512 543 ministris
528 482 670 543 ecclesiae
685 486 803 542 nostrae
818 481 990 562 praedictae‚
1006 482 1132 543 racione
1148 481 1341 543 delictorum
1357 502 1416 543 seu
1442 474 1495 576 “lm

264 575 614 661 contraven(ien)cinm
637 576 823 657 ubicunque
846 578 881 637 in
906 576 983 638 villa
999 576 1114 657 Ripon’
1138 598 1195 639 seu
1218 583 1318 653 extra,
1333 577 1417 639 infra
1438 607 1489 661 1²5oe

263 678 407 734 nostram
419 672 584 733 dioecesim
599 673 842 733 commissorum
857 677 915 733 aut
930 673 1097 748 initorum,
1107 693 1244 754 quorum
1259 674 1415 755 cognicio,
1441 667 1479 754 {2¹⁴

264 765 332 851 (et)
354 767 540 829 reformacio
572 768 612 829 ad
647 768 847 850 spiritualem
865 766 1129 849 jurisdiccionem
1153 773 1295 850 spectare
1320 769 1416 830 diuo·
1441 767 1493 814 Μ»

269 865 379 941 scitur,
396 864 436 925 ad
461 885 520 925 nos
542 870 577 926 et
588 864 751 925 ministros
766 871 892 925 nostros
906 865 1038 925 nomine
1053 871 1163 926 nostro
1185 865 1225 927 de
1242 864 1329 926 dicto
1342 864 1417 947 jure

264 960 428 1021 communi
448 963 612 1040 pertineat
631 965 665 1021 et
685 959 802 1021 debeat
816 961 988 1040 pertinere,
1003 959 1222 1042 fuerimusque
1246 966 1280 1022 et
1304 962 1416 1037 simne,

266 1061 301 1118 et
316 1055 438 1117 fuerint
456 1056 587 1116 nomine
606 1062 715 1118 nostro
737 1061 772 1116 et
787 1057 863 1116 ‘sint
886 1056 965 1116 dicti
990 1056 1130 1117 ministri
1154 1057 1256 1118 nostri
1280 1077 1316 1117 ac
1334 1077 1416 1138 prae·

266 1151 449 1213 decessores
464 1152 576 1228 nostri,
592 1171 705 1213 omnes
728 1158 763 1212 et
786 1151 907 1234 singuli
923 1152 978 1232 qui
994 1171 1052 1232 pro
1067 1157 1213 1233 tempore
1229 1151 1363 1230 fuerint,
1380 1152 1415 1213 in

265 1246 373 1328 plena,
397 1246 538 1329 pacifica,
565 1249 727 1325 canonica,
754 1252 789 1308 et
813 1247 985 1308 sufficienti
1013 1249 1297 1329 possessione,ch
1324 1250 1414 1330 quasi

259 1342 344 1425 juris
368 1341 555 1425 hujusmodi
579 1341 842 1425 jurisdiccionem
867 1347 1010 1403 nostram
1036 1348 1070 1404 et
1095 1364 1186 1405 suam
1210 1345 1246 1405 in
1272 1343 1350 1406 locis
1381 1353 1416 1406 et

262 1440 406 1520 personis
429 1439 590 1520 praedictis
614 1438 764 1522 legitime
789 1439 953 1500 exercenti
968 1459 987 1499 a
1000 1444 1145 1520 tempore
1162 1447 1196 1502 et
1211 1460 1269 1522 per
1283 1446 1413 1522 tempus

262 1533 356 1616 cujus
371 1536 523 1595 contrarii
538 1536 694 1596 memoria
708 1555 772 1596 non
794 1535 916 1610 existit,
931 1535 1043 1596 audito
1058 1542 1169 1596 tamen
1185 1545 1220 1596 et
1234 1535 1413 1614 intellecto,
1463 1594 1465 1599 .

262 1630 348 1712 quod
364 1651 418 1692 vos
432 1638 491 1692 aut
506 1637 650 1692 vestrum
665 1631 781 1712 aliquae
803 1630 981 1714 singulares
996 1650 1150 1712 personae,
1166 1632 1218 1693 vel
1234 1631 1342 1692 saltim
1359 1632 1417 1693 elii

260 1726 392 1786 nomine
418 1732 534 1802 vestm,
553 1726 817 1806 jurisdiccionem
849 1729 1001 1802 nostram,
1024 1724 1065 1786 de
1097 1746 1161 1807 qua
1191 1727 1415 1806 praemittitur,

261 1821 461 1902 perturbare,
479 1821 616 1896 auferre,
631 1821 683 1882 vel
708 1821 816 1881 saltim
840 1821 924 1881 circa
948 1840 1020 1881 eam
1044 1820 1137 1881 nobis
1160 1821 1282 1903 grande
1304 1841 1416 1902 parare

262 1916 499 1999 praejudicium,
526 1918 673 1978 nitimini
703 1917 808 1977 indies
839 1936 896 1977 seu
926 1916 1091 1992 nituntur,
1115 1917 1150 1976 in
1181 1922 1283 1978 status
1313 1917 1415 1978 vestri

263 2033 360 2095 grave
385 2013 579 2095 pericnlum,
601 2013 767 2094 nostrique
793 2016 1029 2092 contemptum,
1054 2018 1089 2073 et
1115 2012 1320 2074 subditarum
1346 2014 1417 2074 ani-

264 2128 392 2169 marum
415 2109 538 2191 grande
561 2109 780 2189 dispendium,
796 2106 975 2168 multorum
990 2127 1117 2188 quoque
1134 2106 1255 2170 Christi
1270 2107 1417 2170 fidelium

264 2205 481 2285 perniciosum
509 2204 715 2285 exemplum3
746 2203 836 2265 vobis
861 2210 973 2263 tenore
997 2204 1210 2285 praesencium
1232 2204 1269 2265 in
1294 2205 1417 2266 virtute

265 2306 383 2361 sanctae
398 2300 594 2361 obedienciae
609 2299 813 2381 injungimus
836 2303 871 2359 et
893 2298 1095 2374 mandamus,
1111 2319 1166 2361 vos
1184 2297 1417 2362 nichilominus

265 2401 436 2457 monentes
459 2401 495 2457 et
517 2397 552 2456 in
567 2394 707 2456 Domino
722 2392 940 2470 exhortantes,
956 2395 1109 2475 quatinus
1132 2400 1167 2456 in
1189 2397 1333 2478 personis
1348 2397 1416 2458 dic-

263 2497 372 2553 torum
390 2492 578 2553 vicariorum
595 2495 628 2552 et
643 2490 866 2551 ministrorum
882 2510 940 2551 seu
957 2489 1094 2552 aliorum
1117 2491 1320 2553 subditorum
1342 2510 1419 2552 nos-

263 2592 388 2648 trorum
414 2584 517 2647 nichil
543 2591 655 2647 contra
675 2585 939 2667 jurisdiccionem
964 2592 1107 2647 nostram
1131 2588 1335 2668 attemptetis
1358 2607 1417 2649 seu

263 2685 452 2765 attemptari
479 2683 616 2757 faciatis,
640 2702 700 2744 nec
724 2681 841 2764 aliquis
866 2681 1039 2765 singularis
1063 2702 1201 2764 persona
1222 2690 1417 2766 attemptare
1441 2691 1491 2739 Not

264 2784 451 2860 prasumat,
467 2778 527 2840 sub
543 2798 638 2860 poena
652 2778 996 2839 excommunicacionis
1019 2777 1160 2859 majoris,
1175 2799 1273 2860 quam
1295 2780 1330 2840 in
1345 2799 1418 2861 per·
1441 2756 1492 2856 ἔξω

265 2895 357 2937 sonas
373 2874 577 2959 singulorum
592 2874 923 2948 contraveniencium,
938 2879 973 2933 et
989 2880 1101 2934 eontra
1116 2871 1200 2954 juris
1215 2875 1417 2957 exigenciam
1441 2869 1496 2973 {2⁰

260 2968 525 3053 jurisdiccionem
540 2976 683 3032 nostram
706 2967 894 3051 hujusmodi
917 2988 1072 3050 usurpare
1088 2970 1321 3052 satagencium,
1336 2969 1418 3052 legi-
1441 2987 1478 3031 nr

264 3068 355 3128 timis
391 3066 626 3129 monicionibus
663 3064 838 3147 praemissis
875 3063 1067 3145 proferimus
1106 3064 1141 3124 in
1179 3061 1243 3124 hiis
1278 3065 1417 3146 scriptis,

266 3166 405 3225 scientes
428 3163 514 3245 quod
530 3164 557 3225 si
571 3160 759 3244 hujusmodi
774 3160 893 3221 nostris
907 3159 1041 3221 monitis
1056 3165 1091 3220 et
1106 3158 1267 3221 mandatis
1282 3160 1417 3246 minime

265 3259 449 3341 parueritis,
475 3263 586 3320 contra
616 3277 672 3319 vos
702 3260 737 3318 et
766 3274 994 3338 quamcunque
1021 3253 1219 3338 singularem
1248 3274 1417 3338 personum

265 3354 412 3417 indebite
437 3355 628 3431 renitentes,
644 3351 685 3414 ad
700 3371 811 3433 poenss
835 3353 997 3436 graviores
1019 3351 1191 3433 procedere
1215 3351 1418 3416 intendimus

263 3450 299 3511 in
324 3456 455 3527 eventu,
479 3454 640 3533 quatenus
663 3447 816 3509 canonica
841 3448 1050 3528 permiserint
1071 3447 1235 3524 instituta,
1261 3451 1296 3510 et
1321 3468 1418 3532 snper
1472 3498 1482 3517 ,

263 3548 467 3629 porreocione
490 3543 704 3627 praesenciam
728 3541 818 3604 vobis
847 3541 996 3605 iacienda
1026 3543 1145 3605 nuncio
1176 3549 1286 3605 nostro
1307 3543 1418 3627 jurato

264 3640 358 3704 latori
389 3641 601 3723 praesencium
635 3636 864 3701 adhibebimus
892 3638 1024 3720 plenam
1056 3638 1165 3700 fidem.
1225 3638 1300 3701 Dat.
1331 3641 1418 3724 apud

265 3735 409 3815 (lawode,
440 3736 463 3818 ij
496 3735 580 3797 Non.
612 3733 744 3816 Aprilis,
774 3735 814 3795 Α0
845 3734 978 3796 Domini
1009 3739 1070 3796 etc.
1101 3733 1225 3817 xxxiiij,
1256 3738 1290 3797 et
1326 3740 1417 3819 pont.

264 3835 368 3896 nostri
384 3832 473 3916 xvij0.

334 4026 528 4104 Willelmus,
539 4031 601 4087 etc.
614 4025 733 4087 dilecto
748 4023 816 4086 filio
831 4025 989 4106 receptori
1004 4029 1114 4086 nostro
1129 4024 1257 4107 Ripon’‚
1270 4025 1418 4102 salutem,
1444 4039 1488 4096 (rs

265 4125 419 4208 graciam,
435 4128 470 4184 et
491 4122 766 4184 benediccionem.
813 4120 929 4182 Libera
944 4119 1111 4182 Willelmo
1133 4121 1174 4182 de
1190 4119 1269 4184 Cliff
1288 4126 1323 4183 et
1345 4121 1418 4183 aliis
1467 4172 1496 4209 ,J

266 4219 479 4281 familiaribus
504 4219 634 4296 nostris,
659 4217 742 4278 illud
769 4217 854 4298 quod
881 4217 943 4278 sibi
968 4216 1068 4278 fuerit
1098 4217 1316 4279 necessarium
1339 4216 1419 4277 dum

335 4331 406 4378 von.
422 4330 458 4376 11.
841 4326 853 4372 1
