2992 5010
311 335 485 390 siunins
508 335 608 390 saon
633 334 730 390 ionii
754 335 967 404 anaisims3
993 337 1073 392 ina.
1369 316 1441 393 171

184 501 355 581 Praeterea,
377 503 405 566 si
426 503 615 587 potentibus
628 509 687 566 aut
701 504 929 568 illustrissimis
943 505 1126 570 illustribus
1142 503 1266 588 aliquid
1292 512 1360 561 ltro
1370 512 1437 560 show

117 599 307 681 exposituri,
328 604 387 662 aut
411 620 469 682 pro
493 600 603 682 aliqua
626 619 662 662 re
681 599 768 681 apud
792 620 847 663 eos
868 602 1078 665 intercessuri
1098 622 1165 665 non
1184 621 1267 684 prae-
1291 585 1446 678 mm,

118 691 309 780 su(m)imus
324 696 387 757 uisi
402 715 478 758 cuin
501 715 628 758 summa
641 693 829 758 humilitate
845 700 882 759 et
900 698 1086 760 reverencia
1099 698 1134 761 id
1149 697 1267 775 iacere,
1290 703 1366 804 Q,
1376 689 1434 795 ,²th

117 796 240 872 quanto
268 793 373 875 magis
403 792 472 854 Deo
501 791 681 854 lminortali
710 796 746 854 et
772 792 911 856 Domino
935 793 1160 856 universorum
1189 812 1265 855 cum
1290 808 1364 853 muci
1378 819 1445 854 more

118 886 207 948 omni
232 885 433 966 humilitate,
456 887 650 964 reverencia,
674 892 710 950 et
734 889 909 952 devocione
934 889 1181 971 supplicandum
1205 893 1266 952 est.
1292 865 1428 974 fflffl'⁸

119 980 205 1054 Quia
217 987 331 1046 tamen
344 1004 385 1046 ex
398 985 626 1047 canonicorum
640 983 736 1046 dictae
752 985 896 1047 ecclesiae
910 985 1070 1048 relacione
1083 985 1268 1066 accepimus

120 1075 355 1142 Christeierum
379 1079 531 1163 Dragley,
561 1079 657 1140 dictae
683 1079 825 1142 ecclesiia
854 1079 1045 1142 canonicum
1074 1079 1269 1141 residencia·
1291 1081 1408 1130 isicii.

119 1173 218 1252 rium,
241 1176 453 1258 semetipsum
483 1173 677 1237 multociens
705 1174 894 1238 indecenter
924 1180 960 1237 et
988 1176 1203 1237 irreverenter
1231 1174 1268 1235 in
1292 1142 1399 1247 &1:522

120 1267 219 1332 choro
239 1268 434 1349 exhibuisse,
450 1276 486 1333 et
499 1289 607 1332 coram
630 1289 757 1332 summo
770 1269 864 1332 altari
880 1271 990 1333 divina
1003 1270 1108 1333 officia
1121 1289 1269 1332 murinu-
1292 1259 1423 1364 mg*

119 1366 231 1444 rando,
241 1371 390 1450 cooperto
400 1367 507 1449 capite
516 1366 730 1428 irreverenter
744 1366 968 1429 deambulasse
980 1371 1015 1429 et
1028 1366 1269 1443 transcurrisse,
1292 1331 1428 1426 ἷιῗτᾷῗωζῑι.

121 1462 241 1525 idcirco
263 1463 326 1525 tibi
351 1460 547 1527 Christofero
572 1460 713 1546 Dragley
736 1466 772 1524 et
795 1464 923 1526 caeteris
953 1461 1101 1546 ejusdem
1125 1462 1269 1526 ecclesia

121 1559 281 1621 canonicis
305 1563 341 1621 et
361 1559 521 1621 ministris
543 1557 693 1620 disuiote
718 1559 922 1640 precipimus
937 1563 973 1620 et
997 1559 1199 1636 mandamns,
1224 1577 1269 1621 ne

121 1655 292 1737 quisquam
307 1659 453 1717 vestrum
467 1654 508 1716 de
522 1658 639 1715 caetero
653 1671 760 1714 coram
780 1672 907 1715 summo
921 1653 1016 1715 altari
1036 1653 1186 1717 divinum
1200 1652 1272 1715 offi-

122 1751 212 1812 cium
226 1769 433 1812 murmurans
448 1755 647 1812 transcurrat
661 1753 721 1810 aut
729 1748 886 1826 ambulet,
898 1768 956 1810 seu
965 1749 1001 1810 in
1015 1747 1112 1811 choro
1128 1769 1162 1811 se
1176 1748 1271 1810 inde·

121 1849 233 1908 center
255 1843 418 1923 exhibeat,
432 1850 492 1908 aut
513 1846 550 1907 iii
573 1844 688 1907 eodem
703 1843 754 1906 vel
770 1843 879 1926 aliqua
900 1848 994 1926 perte
1015 1843 1111 1906 dictae
1127 1843 1271 1906 ecclesiae

121 1947 267 2024 tempore
290 1943 475 2005 divinonim
502 1939 701 2018 confabulet,
727 1959 769 2002 ne
791 1937 981 2022 hujusmodi
1002 1941 1171 2001 temeritas
1192 1939 1271 2001 sim-

121 2036 260 2119 plicibus
274 2037 417 2120 praebeat
438 2037 606 2099 audaciam
625 2035 847 2118 delinquendi,
862 2054 899 2097 ac
913 2034 1106 2097 reverenciee
1121 2038 1157 2097 et
1173 2033 1271 2096 devo·

120 2132 223 2194 cionis
237 2131 396 2195 fervorem
410 2132 543 2194 adimet.

188 2229 287 2306 Item,
303 2228 361 2291 ubi
383 2248 441 2310 per
462 2228 632 2309 antiquam
654 2225 802 2308 ejusdem
825 2225 968 2289 ecclesie
989 2225 1270 2304 consuetudinem,
1294 2232 1427 2291 metu>

120 2321 341 2387 thesaurarius
361 2324 457 2386 dictae
477 2322 621 2384 ecclesiae
646 2321 783 2405 singulis
805 2322 920 2384 diebus
942 2341 981 2384 ea
1002 2319 1081 2383 hora
1102 2341 1168 2404 qua
1189 2321 1272 2384 solet
1295 2291 1431 2410 iffffl

122 2419 239 2483 chorus
268 2421 304 2482 in
327 2419 393 2482 fine
419 2418 506 2482 horae
531 2418 650 2480 Priinae
676 2418 718 2481 ad
742 2418 925 2500 capitulum
946 2417 1130 2495 convenire,
1152 2415 1272 2501 januas
1295 2409 1386 2516 ᾖα

122 2517 237 2579 doinus
265 2516 450 2598 capitularis
479 2515 576 2577 dictae
605 2514 747 2577 ecclesie
779 2519 905 2597 apertas
935 2519 1046 2576 tenere
1077 2533 1136 2576 seu
1164 2513 1272 2576 teneri

121 2617 247 2695 apertas
272 2611 378 2674 faeere
401 2616 535 2674 tenetur
559 2619 594 2673 et
615 2610 728 2687 debet,
750 2614 789 2671 ut
814 2610 960 2673 canonici
985 2615 1021 2671 et
1043 2609 1101 2671 alii
1124 2608 1273 2692 ejusdem

122 2708 264 2771 ecclesiae
278 2708 421 2770 ministri
435 2707 558 2769 dictam
573 2706 708 2769 domuin
722 2706 863 2789 ingredi,
872 2706 1059 2788 ibidemque
1074 2705 1271 2768 versiculum

122 2800 278 2867 Proeioco
304 2824 379 2865 cum
405 2804 553 2866 oracione
578 2806 614 2864 et
635 2803 761 2864 ceteris
781 2802 932 2884 precibus
951 2802 1116 2864 consuetis
1134 2801 1272 2882 psallere

121 2899 261 2976 valeant,
266 2898 362 2981 juxta
372 2899 582 2980 antiquorum
593 2902 724 2979 patrum
736 2902 861 2959 statuta
869 2903 905 2959 et
914 2897 1112 2960 laudabilem
1120 2896 1273 2958 Ecclesiae

121 2994 308 3078 Anglicanae
323 2994 603 3070 consuetudinem,
617 2990 850 3054 nichilominus
863 2997 986 3069 tamen,
1001 2992 1162 3055 canonicis
1176 2991 1273 3053 diotae

121 3090 264 3152 ecclesiae
293 3088 577 3172 conquerentibus,
606 3088 820 3169 comperimus
851 3092 886 3148 et
913 3087 1100 3149 invenimus
1129 3084 1272 3149 Christo-
1295 3093 1346 3141 But
1358 3093 1416 3143 ω).

122 3183 227 3248 ferum
241 3185 381 3270 Dragley
396 3185 493 3248 dictae
506 3183 648 3246 ecclesiae
666 3181 965 3259 thesaurarium,ad
976 3201 1074 3264 quem
1084 3181 1126 3244 de
1137 3181 1273 3262 antiqua
1294 3153 1418 3258 mli,

123 3279 269 3364 ejusdem
291 3281 434 3344 ecclesias
448 3279 681 3342 consuetudine
697 3277 843 3340 custodia
864 3276 963 3339 clavis
985 3275 1131 3360 ejusdem
1155 3275 1272 3338 domus

123 3376 308 3458 capitularis
333 3377 488 3459 pertinet,
506 3377 541 3437 in
567 3373 741 3457 aperiendo
768 3392 825 3435 seu
847 3373 965 3456 aperiri
988 3370 1135 3434 iaciendo
1152 3368 1273 3454 januas

123 3472 220 3534 dictae
233 3473 351 3535 domus
367 3471 564 3554 capitularis,
579 3470 679 3532 nimis
697 3469 881 3546 remissum,
896 3466 1102 3551 culpabilem,
1118 3472 1153 3530 et
1170 3466 1272 3529 necli-

122 3574 257 3650 gentem
271 3568 370 3631 fuisse
385 3574 421 3630 et
434 3588 516 3646 esse,
526 3565 644 3650 januas
659 3565 805 3649 ejusdem
819 3566 934 3627 domus
952 3562 1138 3647 capitularis
1153 3563 1274 3626 multo·

122 3665 210 3727 tiens
239 3665 362 3727 clausas
392 3664 557 3741 servando,
586 3663 674 3726 unde
703 3663 784 3725 dicti
813 3663 959 3725 mnonici
980 3667 1015 3724 et
1043 3659 1100 3723 alii
1126 3659 1273 3742 ejusdem

124 3760 267 3823 ecclesie
296 3761 440 3823 ministri
468 3761 604 3823 eandem
641 3759 775 3822 domiun
810 3758 1021 3840 capitularem
1057 3757 1186 3841 ingredi
1214 3761 1273 3819 aut

123 3855 248 3919 ibidem
276 3856 471 3919 versiculum
500 3876 575 3918 cum
605 3855 750 3917 oracione
779 3855 933 3937 praedicta
961 3852 1099 3936 psallere
1134 3853 1273 3914 minime

124 3957 285 4034 poterant,
300 3952 363 4015 tibi
377 3954 481 4037 igitur
499 3949 696 4015 Christoiero
716 3950 871 4034 Dragley,
884 3949 1083 4012 thesaurario
1097 3949 1274 4025 antedicto,
1298 3959 1322 4006 lt
1332 3961 1353 4007 u
1362 3964 1388 4007 to
1397 3961 1429 4008 ue

125 4048 272 4110 districte
297 4046 514 4131 injungimus,
533 4047 751 4130 precipimus,
769 4051 804 4108 et
826 4045 1031 4123 mandamus,
1050 4049 1211 4127 quatenus
1234 4048 1274 4105 tu
1296 4021 1418 4138 mk

125 4144 265 4228 singulis
279 4144 406 4222 diebus,
421 4163 460 4206 ea
474 4140 553 4206 hora
567 4163 632 4225 qua
650 4140 733 4204 solet
742 4139 858 4203 chorus
873 4141 909 4202 iii
924 4140 990 4203 fine
999 4138 1085 4203 horae
1100 4140 1219 4202 Primae
1232 4139 1274 4201 ad
1297 4137 1387 4243 21⁰ss

125 4239 307 4322 capitulum
331 4239 516 4316 convenire,
537 4236 655 4321 januas
677 4237 773 4299 dictae
798 4237 914 4300 domus
938 4234 1126 4319 capitularis
1147 4239 1274 4318 apertas
1308 4210 1325 4242 ¹¹

125 4342 237 4398 teneas
253 4356 311 4398 seu
324 4339 454 4416 apertas
467 4334 572 4397 teneri
587 4333 744 4410 iacias‚ut
758 4332 838 4395 dicti
852 4333 1000 4395 canonici·
1012 4336 1048 4394 et
1061 4331 1117 4393 alii
1132 4331 1275 4393 ministri

126 4434 268 4495 eandem
287 4432 420 4494 domum
442 4431 582 4514 ingredi,
602 4430 789 4512 ibidemque
811 4428 1005 4493 versiculum
1020 4425 1179 4492 Prae-ioco
1197 4446 1275 4493 cum
