<?xml version="1.0" encoding="UTF-8"?>
<!DOCTYPE html PUBLIC "-//W3C//DTD XHTML 1.0 Transitional//EN"
    "http://www.w3.org/TR/xhtml1/DTD/xhtml1-transitional.dtd">
<html xmlns="http://www.w3.org/1999/xhtml" xml:lang="en" lang="en">
 <head>
  <title>
</title>
<meta http-equiv="Content-Type" content="text/html;charset=utf-8" />
  <meta name='ocr-system' content='tesseract 3.04.00' />
  <meta name='ocr-capabilities' content='ocr_page ocr_carea ocr_par ocr_line ocrx_word'/>
</head>
<body>
  <div class='ocr_page' id='page_1' title='image "./memorialschurch04fowlgoog_0149.png"; bbox 0 0 2992 5010; ppageno 0'>
   <div class='ocr_carea' id='block_1_1' title="bbox 80 334 1036 407">
    <p class='ocr_par' dir='ltr' id='par_1_1' title="bbox 80 334 1036 407">
     <span class='ocr_line' id='line_1_1' title="bbox 80 334 1036 407; baseline -0.01 -1"><span class='ocrx_word' id='word_1_1' title='bbox 80 334 153 407; x_wconf 79' lang='lat'><strong>134</strong></span> <span class='ocrx_word' id='word_1_2' title='bbox 613 345 821 399; x_wconf 81' lang='lat' dir='ltr'><strong>uruoaurs</strong></span> <span class='ocrx_word' id='word_1_3' title='bbox 846 344 890 397; x_wconf 83' lang='lat' dir='ltr'><strong>or</strong></span> <span class='ocrx_word' id='word_1_4' title='bbox 916 344 1036 397; x_wconf 79' lang='lat' dir='ltr'><strong>arros.</strong></span> 
     </span>
    </p>
   </div>
   <div class='ocr_carea' id='block_1_2' title="bbox 77 513 1406 3180">
    <p class='ocr_par' dir='ltr' id='par_1_2' title="bbox 77 513 1403 604">
     <span class='ocr_line' id='line_1_2' title="bbox 77 513 1403 604; baseline -0.005 -23"><span class='ocrx_word' id='word_1_5' title='bbox 77 530 201 601; x_wconf 50' lang='lat' dir='ltr'><strong>aalays</strong></span> <span class='ocrx_word' id='word_1_6' title='bbox 253 539 311 604; x_wconf 90' lang='lat' dir='ltr'><strong>pro</strong></span> <span class='ocrx_word' id='word_1_7' title='bbox 334 516 446 581; x_wconf 89' lang='lat' dir='ltr'><strong>futuro</strong></span> <span class='ocrx_word' id='word_1_8' title='bbox 469 515 675 598; x_wconf 86' lang='lat' dir='ltr'><strong>experiencia</strong></span> <span class='ocrx_word' id='word_1_9' title='bbox 697 513 896 596; x_wconf 89' lang='lat' dir='ltr'><strong>subsequens</strong></span> <span class='ocrx_word' id='word_1_10' title='bbox 918 514 1069 576; x_wconf 91' lang='lat' dir='ltr'><strong>nocivum</strong></span> <span class='ocrx_word' id='word_1_11' title='bbox 1092 514 1245 591; x_wconf 78' lang='lat' dir='ltr'><strong>ostendit,</strong></span> <span class='ocrx_word' id='word_1_12' title='bbox 1261 520 1296 576; x_wconf 88' lang='lat' dir='ltr'><strong>et</strong></span> <span class='ocrx_word' id='word_1_13' title='bbox 1317 513 1403 595; x_wconf 91' lang='lat' dir='ltr'><strong>quod</strong></span> 
     </span>
    </p>

    <p class='ocr_par' dir='ltr' id='par_1_3' title="bbox 79 591 1405 719">
     <span class='ocr_line' id='line_1_3' title="bbox 79 591 1405 719; baseline -0.005 -42"><span class='ocrx_word' id='word_1_14' title='bbox 79 591 179 719; x_wconf 47' lang='lat' dir='ltr'><strong>‘gfff’</strong></span> <span class='ocrx_word' id='word_1_15' title='bbox 189 594 230 635; x_wconf 40' lang='grc' dir='ltr'><strong>ἡ·</strong></span> <span class='ocrx_word' id='word_1_16' title='bbox 252 634 311 697; x_wconf 92' lang='lat' dir='ltr'><strong>pro</strong></span> <span class='ocrx_word' id='word_1_17' title='bbox 325 621 471 696; x_wconf 86' lang='lat' dir='ltr'><strong>tempore</strong></span> <span class='ocrx_word' id='word_1_18' title='bbox 494 611 642 675; x_wconf 80' lang='lat' dir='ltr'>consulte</span> <span class='ocrx_word' id='word_1_19' title='bbox 664 610 821 672; x_wconf 77' lang='lat' dir='ltr'><strong>statuitur</strong></span> <span class='ocrx_word' id='word_1_20' title='bbox 839 630 879 671; x_wconf 81' lang='lat' dir='ltr'><strong>er</strong></span> <span class='ocrx_word' id='word_1_21' title='bbox 899 611 1101 692; x_wconf 84' lang='lat' dir='ltr'><strong>temporibus</strong></span> <span class='ocrx_word' id='word_1_22' title='bbox 1121 611 1307 671; x_wconf 86' lang='lat' dir='ltr'><strong>mutacione</strong></span> <span class='ocrx_word' id='word_1_23' title='bbox 1327 629 1405 670; x_wconf 90' lang='lat' dir='ltr'><strong>con-</strong></span> 
     </span>
    </p>

    <p class='ocr_par' dir='ltr' id='par_1_4' title="bbox 101 674 1404 788">
     <span class='ocr_line' id='line_1_4' title="bbox 101 674 1404 788; baseline -0.006 -15"><span class='ocrx_word' id='word_1_24' title='bbox 101 674 205 734; x_wconf 54' lang='lat'><strong>¹⁰¹⁰⁸¹¹²</strong></span> <span class='ocrx_word' id='word_1_25' title='bbox 255 710 377 773; x_wconf 89' lang='lat' dir='ltr'><strong>sulcins</strong></span> <span class='ocrx_word' id='word_1_26' title='bbox 400 713 578 783; x_wconf 88' lang='lat' dir='ltr'><strong>revocatur,</strong></span> <span class='ocrx_word' id='word_1_27' title='bbox 609 707 683 769; x_wconf 91' lang='lat' dir='ltr'><strong>ideo</strong></span> <span class='ocrx_word' id='word_1_28' title='bbox 712 725 778 768; x_wconf 91' lang='lat' dir='ltr'><strong>non</strong></span> <span class='ocrx_word' id='word_1_29' title='bbox 807 705 907 769; x_wconf 92' lang='lat' dir='ltr'><strong>debet</strong></span> <span class='ocrx_word' id='word_1_30' title='bbox 936 704 1191 788; x_wconf 83' lang='lat' dir='ltr'><strong>reprehensibile</strong></span> <span class='ocrx_word' id='word_1_31' title='bbox 1212 706 1354 787; x_wconf 88' lang='lat' dir='ltr'><strong>judicari</strong></span> <span class='ocrx_word' id='word_1_32' title='bbox 1376 705 1404 765; x_wconf 89' lang='lat' dir='ltr'><strong>si</strong></span> 
     </span>
    </p>

    <p class='ocr_par' dir='ltr' id='par_1_5' title="bbox 255 801 1406 885">
     <span class='ocr_line' id='line_1_5' title="bbox 255 801 1406 885; baseline -0.007 -17"><span class='ocrx_word' id='word_1_33' title='bbox 255 805 434 868; x_wconf 88' lang='lat' dir='ltr'><strong>secundum</strong></span> <span class='ocrx_word' id='word_1_34' title='bbox 458 805 649 866; x_wconf 87' lang='lat' dir='ltr'><strong>varietatem</strong></span> <span class='ocrx_word' id='word_1_35' title='bbox 671 803 856 882; x_wconf 87' lang='lat' dir='ltr'><strong>temporum</strong></span> <span class='ocrx_word' id='word_1_36' title='bbox 879 806 1003 864; x_wconf 89' lang='lat' dir='ltr'><strong>statuta</strong></span> <span class='ocrx_word' id='word_1_37' title='bbox 1025 802 1216 885; x_wconf 90' lang='lat' dir='ltr'><strong>quandoque</strong></span> <span class='ocrx_word' id='word_1_38' title='bbox 1240 801 1406 862; x_wconf 90' lang='lat' dir='ltr'><strong>varientur</strong></span> 
     </span>
    </p>

    <p class='ocr_par' dir='ltr' id='par_1_6' title="bbox 255 897 1406 982">
     <span class='ocr_line' id='line_1_6' title="bbox 255 897 1406 982; baseline -0.006 -20"><span class='ocrx_word' id='word_1_39' title='bbox 255 897 409 978; x_wconf 88' lang='lat' dir='ltr'><strong>humana,</strong></span> <span class='ocrx_word' id='word_1_40' title='bbox 438 897 618 982; x_wconf 83' lang='lat' dir='ltr'><strong>praesertim</strong></span> <span class='ocrx_word' id='word_1_41' title='bbox 647 900 717 958; x_wconf 82' lang='lat' dir='ltr'><strong>tam</strong></span> <span class='ocrx_word' id='word_1_42' title='bbox 745 902 902 959; x_wconf 82' lang='lat' dir='ltr'><strong>contenta</strong></span> <span class='ocrx_word' id='word_1_43' title='bbox 931 898 966 958; x_wconf 92' lang='lat' dir='ltr'><strong>in</strong></span> <span class='ocrx_word' id='word_1_44' title='bbox 996 899 1120 961; x_wconf 88' lang='lat' dir='ltr'><strong>eisdem</strong></span> <span class='ocrx_word' id='word_1_45' title='bbox 1149 897 1263 959; x_wconf 90' lang='lat' dir='ltr'><strong>obesse</strong></span> <span class='ocrx_word' id='word_1_46' title='bbox 1293 897 1406 978; x_wconf 86' lang='lat' dir='ltr'><strong>pocius</strong></span> 
     </span>
    </p>

    <p class='ocr_par' dir='ltr' id='par_1_7' title="bbox 255 992 689 1078">
     <span class='ocr_line' id='line_1_7' title="bbox 255 992 689 1078; baseline -0.007 -21"><span class='ocrx_word' id='word_1_47' title='bbox 255 997 402 1078; x_wconf 81' lang='lat' dir='ltr'><strong>ceperint</strong></span> <span class='ocrx_word' id='word_1_48' title='bbox 416 1015 514 1077; x_wconf 88' lang='lat' dir='ltr'><strong>quam</strong></span> <span class='ocrx_word' id='word_1_49' title='bbox 529 992 689 1074; x_wconf 88' lang='lat' dir='ltr'><strong>prodesse.</strong></span> 
     </span>
    </p>

    <p class='ocr_par' dir='ltr' id='par_1_8' title="bbox 80 1087 1405 1173">
     <span class='ocr_line' id='line_1_8' title="bbox 80 1087 1405 1173; baseline -0.005 -18"><span class='ocrx_word' id='word_1_50' title='bbox 80 1107 119 1167; x_wconf 76' lang='lat' dir='ltr'><strong>By</strong></span> <span class='ocrx_word' id='word_1_51' title='bbox 130 1107 227 1154; x_wconf 67' lang='lat' dir='ltr'><strong>nudent</strong></span> <span class='ocrx_word' id='word_1_52' title='bbox 323 1090 427 1154; x_wconf 83' lang='lat' dir='ltr'><strong>‘Cum</strong></span> <span class='ocrx_word' id='word_1_53' title='bbox 441 1089 544 1173; x_wconf 87' lang='lat' dir='ltr'><strong>igitur</strong></span> <span class='ocrx_word' id='word_1_54' title='bbox 558 1090 593 1150; x_wconf 92' lang='lat' dir='ltr'><strong>in</strong></span> <span class='ocrx_word' id='word_1_55' title='bbox 609 1088 697 1150; x_wconf 89' lang='lat' dir='ltr'><strong>dicta</strong></span> <span class='ocrx_word' id='word_1_56' title='bbox 712 1088 847 1151; x_wconf 89' lang='lat' dir='ltr'><strong>ecclesia</strong></span> <span class='ocrx_word' id='word_1_57' title='bbox 862 1089 979 1171; x_wconf 89' lang='lat' dir='ltr'><strong>Ripon’</strong></span> <span class='ocrx_word' id='word_1_58' title='bbox 993 1090 1109 1153; x_wconf 89' lang='lat' dir='ltr'><strong>fuisset</strong></span> <span class='ocrx_word' id='word_1_59' title='bbox 1123 1090 1305 1172; x_wconf 89' lang='lat' dir='ltr'><strong>antiquitus</strong></span> <span class='ocrx_word' id='word_1_60' title='bbox 1321 1087 1405 1149; x_wconf 91' lang='lat' dir='ltr'><strong>ordi·</strong></span> 
     </span>
    </p>

    <p class='ocr_par' dir='ltr' id='par_1_9' title="bbox 80 1167 1405 1272">
     <span class='ocr_line' id='line_1_9' title="bbox 80 1167 1405 1272; baseline -0.005 -22"><span class='ocrx_word' id='word_1_61' title='bbox 80 1167 225 1272; x_wconf 54' lang='lat' dir='ltr'><strong>fflffi,</strong></span> <span class='ocrx_word' id='word_1_62' title='bbox 256 1192 383 1263; x_wconf 88' lang='lat' dir='ltr'><strong>natum,</strong></span> <span class='ocrx_word' id='word_1_63' title='bbox 399 1191 572 1262; x_wconf 88' lang='lat' dir='ltr'><strong>statutum,</strong></span> <span class='ocrx_word' id='word_1_64' title='bbox 588 1188 624 1247; x_wconf 90' lang='lat' dir='ltr'><strong>et</strong></span> <span class='ocrx_word' id='word_1_65' title='bbox 639 1185 811 1263; x_wconf 83' lang='lat' dir='ltr'><strong>usitatum,</strong></span> <span class='ocrx_word' id='word_1_66' title='bbox 827 1205 886 1247; x_wconf 92' lang='lat' dir='ltr'><strong>seu</strong></span> <span class='ocrx_word' id='word_1_67' title='bbox 907 1207 927 1247; x_wconf 88' lang='lat' dir='ltr'><strong>a</strong></span> <span class='ocrx_word' id='word_1_68' title='bbox 940 1186 1038 1269; x_wconf 84' lang='lat' dir='ltr'><strong>longe</strong></span> <span class='ocrx_word' id='word_1_69' title='bbox 1060 1188 1227 1247; x_wconf 86' lang='lat' dir='ltr'><strong>retroactis</strong></span> <span class='ocrx_word' id='word_1_70' title='bbox 1250 1184 1405 1265; x_wconf 88' lang='lat' dir='ltr'><strong>tempori·</strong></span> 
     </span>
    </p>

    <p class='ocr_par' dir='ltr' id='par_1_10' title="bbox 79 1280 1406 1364">
     <span class='ocr_line' id='line_1_10' title="bbox 79 1280 1406 1364; baseline -0.004 -19"><span class='ocrx_word' id='word_1_71' title='bbox 79 1286 219 1331; x_wconf 65' lang='lat' dir='ltr'><strong>¹¹¹⁰·110M</strong></span> <span class='ocrx_word' id='word_1_72' title='bbox 255 1281 316 1344; x_wconf 90' lang='lat' dir='ltr'><strong>bus</strong></span> <span class='ocrx_word' id='word_1_73' title='bbox 338 1287 543 1357; x_wconf 88' lang='lat' dir='ltr'><strong>consuetum,</strong></span> <span class='ocrx_word' id='word_1_74' title='bbox 569 1280 656 1361; x_wconf 93' lang='lat' dir='ltr'><strong>quod</strong></span> <span class='ocrx_word' id='word_1_75' title='bbox 681 1280 802 1364; x_wconf 86' lang='lat' dir='ltr'><strong>singuli</strong></span> <span class='ocrx_word' id='word_1_76' title='bbox 830 1301 884 1342; x_wconf 86' lang='lat' dir='ltr'><strong>sex</strong></span> <span class='ocrx_word' id='word_1_77' title='bbox 908 1283 1052 1343; x_wconf 88' lang='lat' dir='ltr'><strong>canonici</strong></span> <span class='ocrx_word' id='word_1_78' title='bbox 1079 1280 1224 1363; x_wconf 89' lang='lat' dir='ltr'><strong>ejusdem</strong></span> <span class='ocrx_word' id='word_1_79' title='bbox 1252 1280 1406 1355; x_wconf 87' lang='lat' dir='ltr'><strong>ecclesiae,</strong></span> 
     </span>
    </p>

    <p class='ocr_par' dir='ltr' id='par_1_11' title="bbox 79 1342 1404 1459">
     <span class='ocr_line' id='line_1_11' title="bbox 79 1342 1404 1459; baseline -0.011 -11"><span class='ocrx_word' id='word_1_80' title='bbox 79 1342 214 1448; x_wconf 51' lang='grc'><strong>1111111111</strong></span> <span class='ocrx_word' id='word_1_81' title='bbox 256 1376 502 1459; x_wconf 84' lang='lat' dir='ltr'><strong>praebendarum</strong></span> <span class='ocrx_word' id='word_1_82' title='bbox 532 1374 573 1437; x_wconf 89' lang='lat' dir='ltr'><strong>de</strong></span> <span class='ocrx_word' id='word_1_83' title='bbox 604 1374 806 1453; x_wconf 85' lang='lat' dir='ltr'><strong>Monketon&#39;,</strong></span> <span class='ocrx_word' id='word_1_84' title='bbox 836 1375 998 1457; x_wconf 84' lang='lat' dir='ltr'><strong>Stodelay,</strong></span> <span class='ocrx_word' id='word_1_85' title='bbox 1030 1376 1232 1458; x_wconf 87' lang='lat' dir='ltr'><strong>Gyuendale,</strong></span> <span class='ocrx_word' id='word_1_86' title='bbox 1256 1374 1404 1450; x_wconf 85' lang='lat' dir='ltr'><strong>Nonwik,</strong></span> 
     </span>
    </p>

    <p class='ocr_par' dir='ltr' id='par_1_12' title="bbox 79 1459 1405 1578">
     <span class='ocr_line' id='line_1_12' title="bbox 79 1459 1405 1578; baseline -0.004 -42"><span class='ocrx_word' id='word_1_87' title='bbox 79 1459 231 1578; x_wconf 49' lang='lat' dir='ltr'><strong>bitem*</strong></span> <span class='ocrx_word' id='word_1_88' title='bbox 256 1463 429 1549; x_wconf 85' lang='lat' dir='ltr'><strong>Sharrowe,</strong></span> <span class='ocrx_word' id='word_1_89' title='bbox 445 1478 481 1534; x_wconf 89' lang='lat' dir='ltr'><strong>et</strong></span> <span class='ocrx_word' id='word_1_90' title='bbox 503 1472 544 1534; x_wconf 93' lang='lat' dir='ltr'><strong>de</strong></span> <span class='ocrx_word' id='word_1_91' title='bbox 567 1470 675 1553; x_wconf 86' lang='lat' dir='ltr'><strong>Thorp</strong></span> <span class='ocrx_word' id='word_1_92' title='bbox 689 1473 725 1534; x_wconf 91' lang='lat' dir='ltr'><strong>in</strong></span> <span class='ocrx_word' id='word_1_93' title='bbox 749 1473 861 1535; x_wconf 91' lang='lat' dir='ltr'><strong>eadem</strong></span> <span class='ocrx_word' id='word_1_94' title='bbox 884 1472 1019 1535; x_wconf 86' lang='lat' dir='ltr'><strong>ecclesia</strong></span> <span class='ocrx_word' id='word_1_95' title='bbox 1041 1472 1264 1553; x_wconf 86' lang='lat' dir='ltr'><strong>praebcndarii,</strong></span> <span class='ocrx_word' id='word_1_96' title='bbox 1278 1490 1405 1531; x_wconf 86' lang='lat' dir='ltr'><strong>necnon</strong></span> 
     </span>
    </p>

    <p class='ocr_par' dir='ltr' id='par_1_13' title="bbox 80 1566 1404 1654">
     <span class='ocr_line' id='line_1_13' title="bbox 80 1566 1404 1654; baseline -0.005 -22"><span class='ocrx_word' id='word_1_97' title='bbox 80 1577 144 1647; x_wconf 66' lang='lat' dir='ltr'><strong>trous</strong></span> <span class='ocrx_word' id='word_1_98' title='bbox 153 1579 181 1624; x_wconf 81' lang='lat' dir='ltr'><strong>or</strong></span> <span class='ocrx_word' id='word_1_99' title='bbox 254 1569 357 1652; x_wconf 87' lang='lat' dir='ltr'><strong>ipsius</strong></span> <span class='ocrx_word' id='word_1_100' title='bbox 372 1568 515 1631; x_wconf 77' lang='lat' dir='ltr'><strong>ecclesiae</strong></span> <span class='ocrx_word' id='word_1_101' title='bbox 536 1566 1049 1654; x_wconf 63' lang='grc' dir='ltr'><strong>11111101061106001101111((110)ι</strong></span> <span class='ocrx_word' id='word_1_102' title='bbox 1067 1588 1125 1630; x_wconf 91' lang='lat' dir='ltr'><strong>seu</strong></span> <span class='ocrx_word' id='word_1_103' title='bbox 1146 1567 1300 1649; x_wconf 78' lang='lat' dir='ltr'><strong>percellas</strong></span> <span class='ocrx_word' id='word_1_104' title='bbox 1315 1566 1404 1627; x_wconf 90' lang='lat' dir='ltr'><strong>deci·</strong></span> 
     </span>
    </p>

    <p class='ocr_par' dir='ltr' id='par_1_14' title="bbox 79 1637 1404 1747">
     <span class='ocr_line' id='line_1_14' title="bbox 79 1637 1404 1747; baseline -0.004 -21"><span class='ocrx_word' id='word_1_105' title='bbox 79 1637 159 1683; x_wconf 55' lang='lat'><strong>²¹⁰²*</strong></span> <span class='ocrx_word' id='word_1_106' title='bbox 253 1682 392 1740; x_wconf 88' lang='lat' dir='ltr'><strong>marum,</strong></span> <span class='ocrx_word' id='word_1_107' title='bbox 409 1663 591 1747; x_wconf 85' lang='lat' dir='ltr'><strong>garbarum,</strong></span> <span class='ocrx_word' id='word_1_108' title='bbox 606 1668 641 1726; x_wconf 90' lang='lat' dir='ltr'><strong>et</strong></span> <span class='ocrx_word' id='word_1_109' title='bbox 656 1662 734 1726; x_wconf 87' lang='lat' dir='ltr'><strong>foeni</strong></span> <span class='ocrx_word' id='word_1_110' title='bbox 756 1664 792 1724; x_wconf 91' lang='lat' dir='ltr'><strong>in</strong></span> <span class='ocrx_word' id='word_1_111' title='bbox 813 1665 935 1747; x_wconf 90' lang='lat' dir='ltr'><strong>campis</strong></span> <span class='ocrx_word' id='word_1_112' title='bbox 958 1669 993 1726; x_wconf 91' lang='lat' dir='ltr'><strong>et</strong></span> <span class='ocrx_word' id='word_1_113' title='bbox 1014 1663 1124 1726; x_wconf 87' lang='lat' dir='ltr'><strong>croftis</strong></span> <span class='ocrx_word' id='word_1_114' title='bbox 1139 1662 1223 1724; x_wconf 84' lang='lat' dir='ltr'><strong>villae</strong></span> <span class='ocrx_word' id='word_1_115' title='bbox 1238 1659 1355 1743; x_wconf 91' lang='lat' dir='ltr'><strong>Ripon’</strong></span> <span class='ocrx_word' id='word_1_116' title='bbox 1370 1666 1404 1722; x_wconf 93' lang='lat' dir='ltr'><strong>et</strong></span> 
     </span>
    </p>

    <p class='ocr_par' dir='ltr' id='par_1_15' title="bbox 254 1758 1403 1845">
     <span class='ocr_line' id='line_1_15' title="bbox 254 1758 1403 1845; baseline -0.004 -23"><span class='ocrx_word' id='word_1_117' title='bbox 254 1758 445 1843; x_wconf 85' lang='lat' dir='ltr'><strong>Bondegate</strong></span> <span class='ocrx_word' id='word_1_118' title='bbox 460 1761 605 1841; x_wconf 84' lang='lat' dir='ltr'><strong>praedict.</strong></span> <span class='ocrx_word' id='word_1_119' title='bbox 621 1779 679 1842; x_wconf 90' lang='lat' dir='ltr'><strong>per</strong></span> <span class='ocrx_word' id='word_1_120' title='bbox 694 1779 728 1821; x_wconf 89' lang='lat' dir='ltr'><strong>se</strong></span> <span class='ocrx_word' id='word_1_121' title='bbox 743 1760 952 1845; x_wconf 85' lang='lat' dir='ltr'><strong>singulariter</strong></span> <span class='ocrx_word' id='word_1_122' title='bbox 967 1765 1002 1822; x_wconf 91' lang='lat' dir='ltr'><strong>et</strong></span> <span class='ocrx_word' id='word_1_123' title='bbox 1017 1760 1148 1822; x_wconf 86' lang='lat' dir='ltr'><strong>divisim</strong></span> <span class='ocrx_word' id='word_1_124' title='bbox 1165 1779 1223 1841; x_wconf 88' lang='lat' dir='ltr'><strong>per</strong></span> <span class='ocrx_word' id='word_1_125' title='bbox 1237 1758 1403 1840; x_wconf 88' lang='lat' dir='ltr'><strong>porciones</strong></span> 
     </span>
    </p>

    <p class='ocr_par' dir='ltr' id='par_1_16' title="bbox 254 1853 1404 1939">
     <span class='ocr_line' id='line_1_16' title="bbox 254 1853 1404 1939; baseline -0.005 -20"><span class='ocrx_word' id='word_1_126' title='bbox 254 1860 367 1919; x_wconf 84' lang='lat' dir='ltr'><strong>tamen</strong></span> <span class='ocrx_word' id='word_1_127' title='bbox 382 1855 557 1938; x_wconf 84' lang='lat' dir='ltr'><strong>inaequales</strong></span> <span class='ocrx_word' id='word_1_128' title='bbox 572 1856 777 1938; x_wconf 89' lang='lat' dir='ltr'><strong>perciperent</strong></span> <span class='ocrx_word' id='word_1_129' title='bbox 788 1861 823 1919; x_wconf 93' lang='lat' dir='ltr'><strong>et</strong></span> <span class='ocrx_word' id='word_1_130' title='bbox 833 1854 1002 1933; x_wconf 87' lang='lat' dir='ltr'><strong>baberent,</strong></span> <span class='ocrx_word' id='word_1_131' title='bbox 1012 1877 1083 1939; x_wconf 85' lang='lat' dir='ltr'><strong>quae</strong></span> <span class='ocrx_word' id='word_1_132' title='bbox 1094 1855 1226 1938; x_wconf 88' lang='lat' dir='ltr'><strong>quidem</strong></span> <span class='ocrx_word' id='word_1_133' title='bbox 1237 1853 1404 1935; x_wconf 87' lang='lat' dir='ltr'><strong>porciones</strong></span> 
     </span>
    </p>

    <p class='ocr_par' dir='ltr' id='par_1_17' title="bbox 253 1951 1403 2034">
     <span class='ocr_line' id='line_1_17' title="bbox 253 1951 1403 2034; baseline -0.004 -20"><span class='ocrx_word' id='word_1_134' title='bbox 253 1971 366 2034; x_wconf 84' lang='lat' dir='ltr'><strong>proco</strong></span> <span class='ocrx_word' id='word_1_135' title='bbox 381 1951 467 2034; x_wconf 93' lang='lat' dir='ltr'><strong>quod</strong></span> <span class='ocrx_word' id='word_1_136' title='bbox 481 1971 501 2013; x_wconf 90' lang='lat' dir='ltr'><strong>a</strong></span> <span class='ocrx_word' id='word_1_137' title='bbox 515 1951 682 2013; x_wconf 88' lang='lat' dir='ltr'><strong>nonnullis</strong></span> <span class='ocrx_word' id='word_1_138' title='bbox 696 1952 899 2034; x_wconf 89' lang='lat' dir='ltr'><strong>temporibus</strong></span> <span class='ocrx_word' id='word_1_139' title='bbox 919 1957 958 2014; x_wconf 92' lang='lat' dir='ltr'><strong>ut</strong></span> <span class='ocrx_word' id='word_1_140' title='bbox 978 1952 1158 2034; x_wconf 87' lang='lat' dir='ltr'><strong>plurimum</strong></span> <span class='ocrx_word' id='word_1_141' title='bbox 1181 1952 1239 2012; x_wconf 91' lang='lat' dir='ltr'><strong>uni</strong></span> <span class='ocrx_word' id='word_1_142' title='bbox 1261 1968 1403 2031; x_wconf 82' lang='lat' dir='ltr'><strong>personae</strong></span> 
     </span>
    </p>

    <p class='ocr_par' dir='ltr' id='par_1_18' title="bbox 254 2047 1404 2131">
     <span class='ocr_line' id='line_1_18' title="bbox 254 2047 1404 2131; baseline -0.003 -22"><span class='ocrx_word' id='word_1_143' title='bbox 254 2052 348 2110; x_wconf 90' lang='lat' dir='ltr'><strong>erant</strong></span> <span class='ocrx_word' id='word_1_144' title='bbox 362 2047 403 2109; x_wconf 90' lang='lat' dir='ltr'><strong>ad</strong></span> <span class='ocrx_word' id='word_1_145' title='bbox 419 2047 546 2109; x_wconf 88' lang='lat' dir='ltr'><strong>firmam</strong></span> <span class='ocrx_word' id='word_1_146' title='bbox 560 2047 714 2124; x_wconf 76' lang='lat' dir='ltr'><strong>dimissae,</strong></span> <span class='ocrx_word' id='word_1_147' title='bbox 729 2068 802 2129; x_wconf 84' lang='lat' dir='ltr'><strong>qnae</strong></span> <span class='ocrx_word' id='word_1_148' title='bbox 824 2067 961 2131; x_wconf 90' lang='lat' dir='ltr'><strong>persona</strong></span> <span class='ocrx_word' id='word_1_149' title='bbox 975 2048 1010 2109; x_wconf 90' lang='lat' dir='ltr'><strong>in</strong></span> <span class='ocrx_word' id='word_1_150' title='bbox 1026 2047 1208 2131; x_wconf 87' lang='lat' dir='ltr'><strong>colligendo</strong></span> <span class='ocrx_word' id='word_1_151' title='bbox 1222 2047 1308 2127; x_wconf 89' lang='lat' dir='ltr'><strong>ipsas</strong></span> <span class='ocrx_word' id='word_1_152' title='bbox 1330 2064 1404 2127; x_wconf 89' lang='lat' dir='ltr'><strong>por-</strong></span> 
     </span>
    </p>

    <p class='ocr_par' dir='ltr' id='par_1_19' title="bbox 78 2141 1403 2227">
     <span class='ocr_line' id='line_1_19' title="bbox 78 2141 1403 2227; baseline 0.002 -28"><span class='ocrx_word' id='word_1_153' title='bbox 78 2150 154 2199; x_wconf 70' lang='lat' dir='ltr'><strong>mm</strong></span> <span class='ocrx_word' id='word_1_154' title='bbox 165 2153 229 2202; x_wconf 67' lang='lat' dir='ltr'><strong>have</strong></span> <span class='ocrx_word' id='word_1_155' title='bbox 253 2144 363 2206; x_wconf 88' lang='lat' dir='ltr'><strong>ciones</strong></span> <span class='ocrx_word' id='word_1_156' title='bbox 386 2163 439 2205; x_wconf 88' lang='lat' dir='ltr'><strong>eas</strong></span> <span class='ocrx_word' id='word_1_157' title='bbox 462 2142 644 2205; x_wconf 88' lang='lat' dir='ltr'><strong>abinvicem</strong></span> <span class='ocrx_word' id='word_1_158' title='bbox 666 2163 731 2204; x_wconf 92' lang='lat' dir='ltr'><strong>non</strong></span> <span class='ocrx_word' id='word_1_159' title='bbox 762 2144 923 2225; x_wconf 90' lang='lat' dir='ltr'><strong>separavit</strong></span> <span class='ocrx_word' id='word_1_160' title='bbox 945 2148 995 2206; x_wconf 91' lang='lat' dir='ltr'><strong>set</strong></span> <span class='ocrx_word' id='word_1_161' title='bbox 1017 2143 1251 2227; x_wconf 87' lang='lat' dir='ltr'><strong>distinguebat,</strong></span> <span class='ocrx_word' id='word_1_162' title='bbox 1269 2141 1339 2224; x_wconf 89' lang='lat' dir='ltr'><strong>jam</strong></span> <span class='ocrx_word' id='word_1_163' title='bbox 1362 2141 1403 2202; x_wconf 93' lang='lat' dir='ltr'><strong>ad</strong></span> 
     </span>
    </p>

    <p class='ocr_par' dir='ltr' id='par_1_20' title="bbox 78 2212 1403 2319">
     <span class='ocr_line' id='line_1_20' title="bbox 78 2212 1403 2319; baseline -0.002 -19"><span class='ocrx_word' id='word_1_164' title='bbox 78 2212 210 2317; x_wconf 44' lang='lat' dir='ltr'><strong>&amp;ffir-</strong></span> <span class='ocrx_word' id='word_1_165' title='bbox 253 2243 382 2300; x_wconf 89' lang='lat' dir='ltr'><strong>tantam</strong></span> <span class='ocrx_word' id='word_1_166' title='bbox 411 2237 635 2300; x_wconf 85' lang='lat' dir='ltr'><strong>confusionem</strong></span> <span class='ocrx_word' id='word_1_167' title='bbox 665 2244 700 2300; x_wconf 93' lang='lat' dir='ltr'><strong>et</strong></span> <span class='ocrx_word' id='word_1_168' title='bbox 725 2239 995 2301; x_wconf 89' lang='lat' dir='ltr'><strong>incertitudinem</strong></span> <span class='ocrx_word' id='word_1_169' title='bbox 1018 2239 1232 2315; x_wconf 90' lang='lat' dir='ltr'><strong>devenerunt,</strong></span> <span class='ocrx_word' id='word_1_170' title='bbox 1255 2236 1341 2319; x_wconf 90' lang='lat' dir='ltr'><strong>qnod</strong></span> <span class='ocrx_word' id='word_1_171' title='bbox 1367 2237 1403 2297; x_wconf 90' lang='lat' dir='ltr'><strong>in</strong></span> 
     </span>
    </p>

    <p class='ocr_par' dir='ltr' id='par_1_21' title="bbox 78 2329 1404 2416">
     <span class='ocr_line' id='line_1_21' title="bbox 78 2329 1404 2416; baseline -0.002 -21"><span class='ocrx_word' id='word_1_172' title='bbox 78 2329 154 2376; x_wconf 56' lang='grc' dir='ltr'><strong>Μ»</strong></span> <span class='ocrx_word' id='word_1_173' title='bbox 253 2333 331 2395; x_wconf 90' lang='lat' dir='ltr'><strong>locis</strong></span> <span class='ocrx_word' id='word_1_174' title='bbox 361 2353 401 2395; x_wconf 85' lang='lat' dir='ltr'><strong>ex</strong></span> <span class='ocrx_word' id='word_1_175' title='bbox 431 2334 549 2414; x_wconf 91' lang='lat' dir='ltr'><strong>quibus</strong></span> <span class='ocrx_word' id='word_1_176' title='bbox 587 2333 724 2416; x_wconf 87' lang='lat' dir='ltr'><strong>singulas</strong></span> <span class='ocrx_word' id='word_1_177' title='bbox 753 2335 920 2415; x_wconf 90' lang='lat' dir='ltr'><strong>porciones</strong></span> <span class='ocrx_word' id='word_1_178' title='bbox 949 2332 1135 2416; x_wconf 91' lang='lat' dir='ltr'><strong>hujusmodi</strong></span> <span class='ocrx_word' id='word_1_179' title='bbox 1165 2333 1404 2414; x_wconf 84' lang='lat' dir='ltr'><strong>particulariter</strong></span> 
     </span>
    </p>

    <p class='ocr_par' dir='ltr' id='par_1_22' title="bbox 253 2426 1403 2511">
     <span class='ocr_line' id='line_1_22' title="bbox 253 2426 1403 2511; baseline -0.002 -21"><span class='ocrx_word' id='word_1_180' title='bbox 253 2427 363 2511; x_wconf 88' lang='lat' dir='ltr'><strong>colligi</strong></span> <span class='ocrx_word' id='word_1_181' title='bbox 379 2433 414 2489; x_wconf 89' lang='lat' dir='ltr'><strong>et</strong></span> <span class='ocrx_word' id='word_1_182' title='bbox 429 2428 528 2509; x_wconf 89' lang='lat' dir='ltr'><strong>recipi</strong></span> <span class='ocrx_word' id='word_1_183' title='bbox 543 2426 711 2504; x_wconf 88' lang='lat' dir='ltr'><strong>deberent,</strong></span> <span class='ocrx_word' id='word_1_184' title='bbox 722 2428 995 2490; x_wconf 86' lang='lat' dir='ltr'><strong>certitudinaliter</strong></span> <span class='ocrx_word' id='word_1_185' title='bbox 1009 2427 1093 2488; x_wconf 93' lang='lat' dir='ltr'><strong>nulli</strong></span> <span class='ocrx_word' id='word_1_186' title='bbox 1108 2434 1245 2503; x_wconf 86' lang='lat' dir='ltr'><strong>constat,</strong></span> <span class='ocrx_word' id='word_1_187' title='bbox 1255 2430 1303 2488; x_wconf 89' lang='lat' dir='ltr'><strong>ita</strong></span> <span class='ocrx_word' id='word_1_188' title='bbox 1317 2427 1403 2508; x_wconf 90' lang='lat' dir='ltr'><strong>quod</strong></span> 
     </span>
    </p>

    <p class='ocr_par' dir='ltr' id='par_1_23' title="bbox 253 2522 1403 2606">
     <span class='ocr_line' id='line_1_23' title="bbox 253 2522 1403 2606; baseline -0.002 -21"><span class='ocrx_word' id='word_1_189' title='bbox 253 2524 397 2606; x_wconf 89' lang='lat' dir='ltr'><strong>ipsarum</strong></span> <span class='ocrx_word' id='word_1_190' title='bbox 413 2525 579 2584; x_wconf 88' lang='lat' dir='ltr'><strong>occasione</strong></span> <span class='ocrx_word' id='word_1_191' title='bbox 594 2526 664 2583; x_wconf 89' lang='lat' dir='ltr'><strong>tam</strong></span> <span class='ocrx_word' id='word_1_192' title='bbox 686 2523 891 2585; x_wconf 86' lang='lat' dir='ltr'><strong>interdictos</strong></span> <span class='ocrx_word' id='word_1_193' title='bbox 913 2522 1148 2605; x_wconf 87' lang='lat' dir='ltr'><strong>praebendarios</strong></span> <span class='ocrx_word' id='word_1_194' title='bbox 1170 2544 1268 2605; x_wconf 88' lang='lat' dir='ltr'><strong>quam</strong></span> <span class='ocrx_word' id='word_1_195' title='bbox 1291 2543 1403 2584; x_wconf 86' lang='lat' dir='ltr'><strong>eorum</strong></span> 
     </span>
    </p>

    <p class='ocr_par' dir='ltr' id='par_1_24' title="bbox 174 2616 1403 2700">
     <span class='ocr_line' id='line_1_24' title="bbox 174 2616 1403 2700; baseline -0.002 -20"><span class='ocrx_word' id='word_1_196' title='bbox 174 2690 178 2697; x_wconf 27' lang='grc' dir='ltr'>Ι</span> <span class='ocrx_word' id='word_1_197' title='bbox 254 2618 409 2680; x_wconf 88' lang='lat' dir='ltr'><strong>firmarios</strong></span> <span class='ocrx_word' id='word_1_198' title='bbox 423 2619 459 2680; x_wconf 91' lang='lat' dir='ltr'><strong>in</strong></span> <span class='ocrx_word' id='word_1_199' title='bbox 474 2616 534 2679; x_wconf 89' lang='lat' dir='ltr'><strong>hac</strong></span> <span class='ocrx_word' id='word_1_200' title='bbox 549 2622 640 2698; x_wconf 90' lang='lat' dir='ltr'><strong>parte</strong></span> <span class='ocrx_word' id='word_1_201' title='bbox 662 2618 811 2700; x_wconf 86' lang='lat' dir='ltr'><strong>gravium</strong></span> <span class='ocrx_word' id='word_1_202' title='bbox 825 2618 1063 2680; x_wconf 88' lang='lat' dir='ltr'><strong>dissensionum</strong></span> <span class='ocrx_word' id='word_1_203' title='bbox 1082 2619 1236 2697; x_wconf 86' lang='lat' dir='ltr'><strong>materiae,</strong></span> <span class='ocrx_word' id='word_1_204' title='bbox 1251 2620 1285 2679; x_wconf 90' lang='lat' dir='ltr'><strong>in</strong></span> <span class='ocrx_word' id='word_1_205' title='bbox 1301 2619 1403 2699; x_wconf 91' lang='lat' dir='ltr'><strong>ipsius</strong></span> 
     </span>
    </p>

    <p class='ocr_par' dir='ltr' id='par_1_25' title="bbox 254 2712 1402 2795">
     <span class='ocr_line' id='line_1_25' title="bbox 254 2712 1402 2795; baseline -0.001 -19"><span class='ocrx_word' id='word_1_206' title='bbox 254 2712 396 2776; x_wconf 89' lang='lat' dir='ltr'><strong>ecclesiae</strong></span> <span class='ocrx_word' id='word_1_207' title='bbox 419 2712 535 2793; x_wconf 88' lang='lat' dir='ltr'><strong>Ripon&#39;</strong></span> <span class='ocrx_word' id='word_1_208' title='bbox 553 2718 589 2773; x_wconf 98' lang='lat' dir='ltr'><strong>et</strong></span> <span class='ocrx_word' id='word_1_209' title='bbox 609 2714 835 2774; x_wconf 90' lang='lat' dir='ltr'><strong>canonicorum</strong></span> <span class='ocrx_word' id='word_1_210' title='bbox 858 2718 894 2775; x_wconf 92' lang='lat' dir='ltr'><strong>et</strong></span> <span class='ocrx_word' id='word_1_211' title='bbox 915 2714 1207 2795; x_wconf 87' lang='lat' dir='ltr'><strong>praebendariorum</strong></span> <span class='ocrx_word' id='word_1_212' title='bbox 1230 2715 1264 2775; x_wconf 90' lang='lat' dir='ltr'><strong>in</strong></span> <span class='ocrx_word' id='word_1_213' title='bbox 1288 2715 1402 2775; x_wconf 89' lang='lat' dir='ltr'><strong>eadem</strong></span> 
     </span>
    </p>

    <p class='ocr_par' dir='ltr' id='par_1_26' title="bbox 254 2807 1403 2985">
     <span class='ocr_line' id='line_1_26' title="bbox 254 2807 1403 2892; baseline 0.002 -23"><span class='ocrx_word' id='word_1_214' title='bbox 254 2829 352 2892; x_wconf 87' lang='lat' dir='ltr'><strong>grave</strong></span> <span class='ocrx_word' id='word_1_215' title='bbox 367 2807 590 2889; x_wconf 77' lang='lat' dir='ltr'><strong>praejudicium</strong></span> <span class='ocrx_word' id='word_1_216' title='bbox 607 2814 641 2869; x_wconf 87' lang='lat' dir='ltr'><strong>ct</strong></span> <span class='ocrx_word' id='word_1_217' title='bbox 657 2807 841 2870; x_wconf 85' lang='lat' dir='ltr'><strong>scandalum</strong></span> <span class='ocrx_word' id='word_1_218' title='bbox 855 2809 1070 2890; x_wconf 91' lang='lat' dir='ltr'><strong>plurimorum</strong></span> <span class='ocrx_word' id='word_1_219' title='bbox 1091 2810 1206 2890; x_wconf 89' lang='lat' dir='ltr'><strong>saepius</strong></span> <span class='ocrx_word' id='word_1_220' title='bbox 1220 2809 1352 2888; x_wconf 89' lang='lat' dir='ltr'><strong>fiebant,</strong></span> <span class='ocrx_word' id='word_1_221' title='bbox 1369 2815 1403 2871; x_wconf 93' lang='lat' dir='ltr'><strong>et</strong></span> 
     </span>
     <span class='ocr_line' id='line_1_27' title="bbox 255 2903 969 2985; baseline 0.001 -19"><span class='ocrx_word' id='word_1_222' title='bbox 255 2903 473 2967; x_wconf 89' lang='lat' dir='ltr'><strong>verisimiliter</strong></span> <span class='ocrx_word' id='word_1_223' title='bbox 487 2903 577 2964; x_wconf 91' lang='lat' dir='ltr'><strong>orriri</strong></span> <span class='ocrx_word' id='word_1_224' title='bbox 592 2907 746 2985; x_wconf 89' lang='lat' dir='ltr'><strong>poterunt</strong></span> <span class='ocrx_word' id='word_1_225' title='bbox 760 2903 794 2965; x_wconf 91' lang='lat' dir='ltr'><strong>in</strong></span> <span class='ocrx_word' id='word_1_226' title='bbox 810 2903 969 2967; x_wconf 88' lang='lat' dir='ltr'><strong>futurum.</strong></span> 
     </span>
    </p>

    <p class='ocr_par' dir='ltr' id='par_1_27' title="bbox 78 2996 1403 3083">
     <span class='ocr_line' id='line_1_28' title="bbox 78 2996 1403 3083; baseline 0.001 -22"><span class='ocrx_word' id='word_1_227' title='bbox 78 3022 130 3070; x_wconf 61' lang='lat' dir='ltr'><strong>Th,</strong></span> <span class='ocrx_word' id='word_1_228' title='bbox 141 3022 219 3083; x_wconf 58' lang='lat' dir='ltr'><strong>cnsp·</strong></span> <span class='ocrx_word' id='word_1_229' title='bbox 323 2999 440 3062; x_wconf 89' lang='lat' dir='ltr'><strong>‘Unde</strong></span> <span class='ocrx_word' id='word_1_230' title='bbox 455 3019 524 3077; x_wconf 92' lang='lat' dir='ltr'><strong>nos,</strong></span> <span class='ocrx_word' id='word_1_231' title='bbox 540 2996 729 3081; x_wconf 87' lang='lat' dir='ltr'><strong>Capitulum</strong></span> <span class='ocrx_word' id='word_1_232' title='bbox 745 2999 1025 3082; x_wconf 84' lang='lat' dir='ltr'><strong>ecclesiae.Rip0n’</strong></span> <span class='ocrx_word' id='word_1_233' title='bbox 1039 3000 1242 3082; x_wconf 77' lang='lat' dir='ltr'><strong>praedictum,</strong></span> <span class='ocrx_word' id='word_1_234' title='bbox 1258 2999 1403 3063; x_wconf 88' lang='lat' dir='ltr'><strong>volentes</strong></span> 
     </span>
    </p>

    <p class='ocr_par' dir='ltr' id='par_1_28' title="bbox 80 3086 1402 3180">
     <span class='ocr_line' id='line_1_29' title="bbox 80 3086 1402 3180; baseline 0.001 -21"><span class='ocrx_word' id='word_1_235' title='bbox 80 3086 118 3128; x_wconf 51' lang='grc' dir='ltr'>ω</span> <span class='ocrx_word' id='word_1_236' title='bbox 128 3087 177 3129; x_wconf 67' lang='lat'>&#39;¹¹⁰‘</span> <span class='ocrx_word' id='word_1_237' title='bbox 255 3095 443 3180; x_wconf 89' lang='lat' dir='ltr'><strong>hujusmodi</strong></span> <span class='ocrx_word' id='word_1_238' title='bbox 457 3096 709 3160; x_wconf 90' lang='lat' dir='ltr'><strong>dissensionibus</strong></span> <span class='ocrx_word' id='word_1_239' title='bbox 724 3102 759 3159; x_wconf 92' lang='lat' dir='ltr'><strong>et</strong></span> <span class='ocrx_word' id='word_1_240' title='bbox 774 3097 929 3159; x_wconf 89' lang='lat' dir='ltr'><strong>scandalis</strong></span> <span class='ocrx_word' id='word_1_241' title='bbox 939 3097 1079 3175; x_wconf 90' lang='lat' dir='ltr'><strong>obviare,</strong></span> <span class='ocrx_word' id='word_1_242' title='bbox 1088 3119 1124 3160; x_wconf 90' lang='lat' dir='ltr'><strong>ac</strong></span> <span class='ocrx_word' id='word_1_243' title='bbox 1140 3099 1187 3160; x_wconf 90' lang='lat' dir='ltr'><strong>eis</strong></span> <span class='ocrx_word' id='word_1_244' title='bbox 1198 3099 1233 3159; x_wconf 93' lang='lat' dir='ltr'><strong>in</strong></span> <span class='ocrx_word' id='word_1_245' title='bbox 1242 3105 1402 3180; x_wconf 89' lang='lat' dir='ltr'><strong>quantum</strong></span> 
     </span>
    </p>
   </div>
   <div class='ocr_carea' id='block_1_3' title="bbox 79 3139 1404 3276">
    <p class='ocr_par' dir='ltr' id='par_1_29' title="bbox 79 3139 1404 3276">
     <span class='ocr_line' id='line_1_30' title="bbox 79 3139 1404 3276; baseline 0 -19"><span class='ocrx_word' id='word_1_246' title='bbox 79 3139 185 3257; x_wconf 58' lang='grc'><strong>111111</strong></span> <span class='ocrx_word' id='word_1_247' title='bbox 255 3195 583 3276; x_wconf 92' lang='lat' dir='ltr'><strong>cumDeopossumus</strong></span> <span class='ocrx_word' id='word_1_248' title='bbox 591 3195 675 3255; x_wconf 88' lang='lat' dir='ltr'><strong>viam</strong></span> <span class='ocrx_word' id='word_1_249' title='bbox 685 3193 881 3276; x_wconf 76' lang='lat' dir='ltr'><strong>praecludere</strong></span> <span class='ocrx_word' id='word_1_250' title='bbox 890 3215 932 3257; x_wconf 90' lang='lat' dir='ltr'><strong>ne</strong></span> <span class='ocrx_word' id='word_1_251' title='bbox 940 3195 1404 3273; x_wconf 88' lang='lat' dir='ltr'><strong>subintrent,convocacionem</strong></span> 
     </span>
    </p>
   </div>
   <div class='ocr_carea' id='block_1_4' title="bbox 79 3261 1405 4333">
    <p class='ocr_par' dir='ltr' id='par_1_30' title="bbox 79 3261 1405 4333">
     <span class='ocr_line' id='line_1_31' title="bbox 79 3261 1403 3377; baseline -0.001 -25"><span class='ocrx_word' id='word_1_252' title='bbox 79 3261 230 3377; x_wconf 49' lang='lat' dir='ltr'><strong>ffissffiffi</strong></span> <span class='ocrx_word' id='word_1_253' title='bbox 256 3292 404 3353; x_wconf 90' lang='lat' dir='ltr'><strong>omnium</strong></span> <span class='ocrx_word' id='word_1_254' title='bbox 421 3288 617 3351; x_wconf 86' lang='lat' dir='ltr'><strong>confratrum</strong></span> <span class='ocrx_word' id='word_1_255' title='bbox 632 3296 815 3352; x_wconf 89' lang='lat' dir='ltr'><strong>nostrorum</strong></span> <span class='ocrx_word' id='word_1_256' title='bbox 838 3289 908 3352; x_wconf 91' lang='lat' dir='ltr'><strong>fieri</strong></span> <span class='ocrx_word' id='word_1_257' title='bbox 931 3290 1067 3353; x_wconf 84' lang='lat' dir='ltr'><strong>fecimus</strong></span> <span class='ocrx_word' id='word_1_258' title='bbox 1089 3296 1124 3352; x_wconf 93' lang='lat' dir='ltr'><strong>et</strong></span> <span class='ocrx_word' id='word_1_259' title='bbox 1146 3290 1345 3352; x_wconf 88' lang='lat' dir='ltr'><strong>decrevimus</strong></span> <span class='ocrx_word' id='word_1_260' title='bbox 1367 3292 1403 3351; x_wconf 94' lang='lat' dir='ltr'><strong>in</strong></span> 
     </span>
     <span class='ocr_line' id='line_1_32' title="bbox 82 3376 1404 3481; baseline 0 -33"><span class='ocrx_word' id='word_1_261' title='bbox 82 3376 217 3481; x_wconf 50' lang='grc' dir='ltr'><strong>ξξζοζῑθω</strong></span> <span class='ocrx_word' id='word_1_262' title='bbox 256 3388 352 3449; x_wconf 92' lang='lat' dir='ltr'><strong>domo</strong></span> <span class='ocrx_word' id='word_1_263' title='bbox 379 3393 488 3447; x_wconf 90' lang='lat' dir='ltr'><strong>nostro</strong></span> <span class='ocrx_word' id='word_1_264' title='bbox 510 3386 678 3467; x_wconf 88' lang='lat' dir='ltr'><strong>capitulari</strong></span> <span class='ocrx_word' id='word_1_265' title='bbox 703 3385 743 3447; x_wconf 87' lang='lat' dir='ltr'><strong>ad</strong></span> <span class='ocrx_word' id='word_1_266' title='bbox 769 3387 911 3466; x_wconf 87' lang='lat' dir='ltr'><strong>primum</strong></span> <span class='ocrx_word' id='word_1_267' title='bbox 938 3387 1026 3448; x_wconf 89' lang='lat' dir='ltr'><strong>diem</strong></span> <span class='ocrx_word' id='word_1_268' title='bbox 1052 3386 1172 3448; x_wconf 89' lang='lat' dir='ltr'><strong>mensis</strong></span> <span class='ocrx_word' id='word_1_269' title='bbox 1198 3385 1303 3463; x_wconf 88' lang='lat' dir='ltr'><strong>Junii,</strong></span> <span class='ocrx_word' id='word_1_270' title='bbox 1319 3406 1404 3448; x_wconf 91' lang='lat' dir='ltr'><strong>anno</strong></span> 
     </span>
     <span class='ocr_line' id='line_1_33' title="bbox 80 3481 1405 3564; baseline 0.006 -27"><span class='ocrx_word' id='word_1_271' title='bbox 80 3493 173 3540; x_wconf 67' lang='lat' dir='ltr'><strong>abant</strong></span> <span class='ocrx_word' id='word_1_272' title='bbox 256 3481 387 3544; x_wconf 89' lang='lat' dir='ltr'><strong>Domini</strong></span> <span class='ocrx_word' id='word_1_273' title='bbox 404 3486 466 3542; x_wconf 83' lang='lat' dir='ltr'><strong>etc.</strong></span> <span class='ocrx_word' id='word_1_274' title='bbox 482 3481 565 3558; x_wconf 79' lang='lat' dir='ltr'><strong>lxxv,</strong></span> <span class='ocrx_word' id='word_1_275' title='bbox 581 3502 645 3562; x_wconf 91' lang='lat' dir='ltr'><strong>quo</strong></span> <span class='ocrx_word' id='word_1_276' title='bbox 659 3481 920 3562; x_wconf 89' lang='lat' dir='ltr'><strong>comparentibus</strong></span> <span class='ocrx_word' id='word_1_277' title='bbox 934 3483 971 3543; x_wconf 91' lang='lat' dir='ltr'><strong>in</strong></span> <span class='ocrx_word' id='word_1_278' title='bbox 985 3483 1081 3545; x_wconf 92' lang='lat' dir='ltr'><strong>domo</strong></span> <span class='ocrx_word' id='word_1_279' title='bbox 1103 3489 1213 3545; x_wconf 88' lang='lat' dir='ltr'><strong>nostra</strong></span> <span class='ocrx_word' id='word_1_280' title='bbox 1234 3482 1405 3564; x_wconf 88' lang='lat' dir='ltr'><strong>capitulari</strong></span> 
     </span>
     <span class='ocr_line' id='line_1_34' title="bbox 257 3576 1403 3660; baseline 0.002 -22"><span class='ocrx_word' id='word_1_281' title='bbox 257 3577 408 3638; x_wconf 88' lang='lat' dir='ltr'><strong>omnibus</strong></span> <span class='ocrx_word' id='word_1_282' title='bbox 423 3581 458 3636; x_wconf 89' lang='lat' dir='ltr'><strong>et</strong></span> <span class='ocrx_word' id='word_1_283' title='bbox 474 3577 610 3657; x_wconf 89' lang='lat' dir='ltr'><strong>siugulis</strong></span> <span class='ocrx_word' id='word_1_284' title='bbox 625 3576 720 3637; x_wconf 85' lang='lat' dir='ltr'><strong>dictae</strong></span> <span class='ocrx_word' id='word_1_285' title='bbox 736 3577 877 3638; x_wconf 86' lang='lat' dir='ltr'><strong>ecclesiae</strong></span> <span class='ocrx_word' id='word_1_286' title='bbox 895 3579 1055 3639; x_wconf 87' lang='lat' dir='ltr'><strong>canonicis</strong></span> <span class='ocrx_word' id='word_1_287' title='bbox 1079 3582 1114 3640; x_wconf 89' lang='lat' dir='ltr'><strong>et</strong></span> <span class='ocrx_word' id='word_1_288' title='bbox 1135 3580 1322 3659; x_wconf 88' lang='lat' dir='ltr'><strong>praebendas</strong></span> <span class='ocrx_word' id='word_1_289' title='bbox 1345 3600 1403 3660; x_wconf 92' lang='lat' dir='ltr'><strong>op-</strong></span> 
     </span>
     <span class='ocr_line' id='line_1_35' title="bbox 81 3671 1403 3758; baseline 0.005 -27"><span class='ocrx_word' id='word_1_290' title='bbox 81 3687 135 3733; x_wconf 74' lang='lat' dir='ltr'><strong>List</strong></span> <span class='ocrx_word' id='word_1_291' title='bbox 146 3692 173 3736; x_wconf 85' lang='grc' dir='ltr'><strong>ο(</strong></span> <span class='ocrx_word' id='word_1_292' title='bbox 257 3672 441 3734; x_wconf 88' lang='lat' dir='ltr'><strong>tinentibus</strong></span> <span class='ocrx_word' id='word_1_293' title='bbox 457 3672 490 3730; x_wconf 94' lang='lat' dir='ltr'><strong>in</strong></span> <span class='ocrx_word' id='word_1_294' title='bbox 507 3672 633 3747; x_wconf 86' lang='lat' dir='ltr'><strong>eadem,</strong></span> <span class='ocrx_word' id='word_1_295' title='bbox 643 3672 773 3732; x_wconf 92' lang='lat' dir='ltr'><strong>domino</strong></span> <span class='ocrx_word' id='word_1_296' title='bbox 786 3671 923 3752; x_wconf 88' lang='lat' dir='ltr'><strong>Gydone</strong></span> <span class='ocrx_word' id='word_1_297' title='bbox 938 3672 978 3733; x_wconf 90' lang='lat' dir='ltr'><strong>de</strong></span> <span class='ocrx_word' id='word_1_298' title='bbox 989 3672 1128 3749; x_wconf 87' lang='lat' dir='ltr'><strong>Rouclif,</strong></span> <span class='ocrx_word' id='word_1_299' title='bbox 1144 3678 1305 3752; x_wconf 85' lang='lat' dir='ltr'><strong>canonico,</strong></span> <span class='ocrx_word' id='word_1_300' title='bbox 1321 3696 1403 3758; x_wconf 86' lang='lat' dir='ltr'><strong>prae-</strong></span> 
     </span>
     <span class='ocr_line' id='line_1_36' title="bbox 79 3759 1405 3851; baseline 0.004 -23"><span class='ocrx_word' id='word_1_301' title='bbox 79 3759 179 3794; x_wconf 73' lang='lat'><strong>⁰²⁰⁰¹¹⁸·</strong></span> <span class='ocrx_word' id='word_1_302' title='bbox 258 3767 412 3828; x_wconf 82' lang='lat' dir='ltr'><strong>bandario</strong></span> <span class='ocrx_word' id='word_1_303' title='bbox 430 3766 469 3827; x_wconf 90' lang='lat' dir='ltr'><strong>de</strong></span> <span class='ocrx_word' id='word_1_304' title='bbox 493 3765 683 3846; x_wconf 84' lang='lat' dir='ltr'><strong>Gyuendale</strong></span> <span class='ocrx_word' id='word_1_305' title='bbox 705 3768 739 3827; x_wconf 89' lang='lat' dir='ltr'><strong>in</strong></span> <span class='ocrx_word' id='word_1_306' title='bbox 763 3767 887 3845; x_wconf 90' lang='lat' dir='ltr'><strong>eadem,</strong></span> <span class='ocrx_word' id='word_1_307' title='bbox 902 3767 1063 3829; x_wconf 84' lang='lat' dir='ltr'><strong>duntaxat</strong></span> <span class='ocrx_word' id='word_1_308' title='bbox 1084 3777 1228 3851; x_wconf 86' lang='lat' dir='ltr'><strong>excepto,</strong></span> <span class='ocrx_word' id='word_1_309' title='bbox 1252 3771 1405 3833; x_wconf 90' lang='lat' dir='ltr'><strong>videlicet</strong></span> 
     </span>
     <span class='ocr_line' id='line_1_37' title="bbox 259 3859 1405 3944; baseline 0.004 -22"><span class='ocrx_word' id='word_1_310' title='bbox 259 3863 423 3944; x_wconf 85' lang='lat' dir='ltr'><strong>magistris</strong></span> <span class='ocrx_word' id='word_1_311' title='bbox 437 3859 587 3924; x_wconf 88' lang='lat' dir='ltr'><strong>Johanne</strong></span> <span class='ocrx_word' id='word_1_312' title='bbox 609 3861 650 3923; x_wconf 88' lang='lat' dir='ltr'><strong>de</strong></span> <span class='ocrx_word' id='word_1_313' title='bbox 665 3861 828 3944; x_wconf 86' lang='lat' dir='ltr'><strong>Thoresby</strong></span> <span class='ocrx_word' id='word_1_314' title='bbox 843 3864 884 3925; x_wconf 89' lang='lat' dir='ltr'><strong>de</strong></span> <span class='ocrx_word' id='word_1_315' title='bbox 906 3863 1055 3942; x_wconf 87' lang='lat' dir='ltr'><strong>Nonwik,</strong></span> <span class='ocrx_word' id='word_1_316' title='bbox 1071 3864 1220 3928; x_wconf 88' lang='lat' dir='ltr'><strong>Johanne</strong></span> <span class='ocrx_word' id='word_1_317' title='bbox 1242 3868 1283 3928; x_wconf 89' lang='lat' dir='ltr'><strong>de</strong></span> <span class='ocrx_word' id='word_1_318' title='bbox 1300 3866 1405 3928; x_wconf 79' lang='lat' dir='ltr'><strong>Krals-</strong></span> 
     </span>
     <span class='ocr_line' id='line_1_38' title="bbox 258 3956 1404 4044; baseline 0.005 -26"><span class='ocrx_word' id='word_1_319' title='bbox 258 3956 325 4018; x_wconf 86' lang='lat' dir='ltr'><strong>hall</strong></span> <span class='ocrx_word' id='word_1_320' title='bbox 349 3959 389 4019; x_wconf 92' lang='lat' dir='ltr'><strong>de</strong></span> <span class='ocrx_word' id='word_1_321' title='bbox 413 3957 652 4041; x_wconf 80' lang='lat' dir='ltr'><strong>Stayuvvegges,</strong></span> <span class='ocrx_word' id='word_1_322' title='bbox 676 3958 780 4020; x_wconf 87' lang='lat' dir='ltr'><strong>Adam</strong></span> <span class='ocrx_word' id='word_1_323' title='bbox 802 3959 842 4021; x_wconf 93' lang='lat' dir='ltr'><strong>de</strong></span> <span class='ocrx_word' id='word_1_324' title='bbox 865 3958 1031 4022; x_wconf 88' lang='lat' dir='ltr'><strong>Thornton</strong></span> <span class='ocrx_word' id='word_1_325' title='bbox 1058 3961 1098 4023; x_wconf 87' lang='lat' dir='ltr'><strong>de</strong></span> <span class='ocrx_word' id='word_1_326' title='bbox 1122 3961 1300 4024; x_wconf 88' lang='lat' dir='ltr'><strong>Monketon</strong></span> <span class='ocrx_word' id='word_1_327' title='bbox 1324 3983 1404 4044; x_wconf 87' lang='lat' dir='ltr'><strong>prae-</strong></span> 
     </span>
     <span class='ocr_line' id='line_1_39' title="bbox 259 4053 1405 4134; baseline 0.006 -20"><span class='ocrx_word' id='word_1_328' title='bbox 259 4053 421 4116; x_wconf 89' lang='lat' dir='ltr'><strong>bendariis</strong></span> <span class='ocrx_word' id='word_1_329' title='bbox 437 4054 659 4134; x_wconf 87' lang='lat' dir='ltr'><strong>personaliter,</strong></span> <span class='ocrx_word' id='word_1_330' title='bbox 672 4060 706 4116; x_wconf 90' lang='lat' dir='ltr'><strong>et</strong></span> <span class='ocrx_word' id='word_1_331' title='bbox 720 4055 861 4118; x_wconf 90' lang='lat' dir='ltr'><strong>dominis</strong></span> <span class='ocrx_word' id='word_1_332' title='bbox 876 4055 1025 4120; x_wconf 88' lang='lat' dir='ltr'><strong>Johanne</strong></span> <span class='ocrx_word' id='word_1_333' title='bbox 1041 4058 1081 4120; x_wconf 89' lang='lat' dir='ltr'><strong>de</strong></span> <span class='ocrx_word' id='word_1_334' title='bbox 1098 4056 1221 4120; x_wconf 81' lang='lat' dir='ltr'><strong>Sleford</strong></span> <span class='ocrx_word' id='word_1_335' title='bbox 1236 4059 1276 4120; x_wconf 91' lang='lat' dir='ltr'><strong>de</strong></span> <span class='ocrx_word' id='word_1_336' title='bbox 1289 4059 1405 4121; x_wconf 76' lang='lat' dir='ltr'><strong>Stude-</strong></span> 
     </span>
     <span class='ocr_line' id='line_1_40' title="bbox 259 4147 1404 4234; baseline 0.008 -26"><span class='ocrx_word' id='word_1_337' title='bbox 259 4147 323 4231; x_wconf 84' lang='lat' dir='ltr'><strong>lay,</strong></span> <span class='ocrx_word' id='word_1_338' title='bbox 338 4148 487 4212; x_wconf 89' lang='lat' dir='ltr'><strong>Johanne</strong></span> <span class='ocrx_word' id='word_1_339' title='bbox 502 4149 542 4211; x_wconf 90' lang='lat' dir='ltr'><strong>de</strong></span> <span class='ocrx_word' id='word_1_340' title='bbox 559 4150 768 4234; x_wconf 82' lang='lat' dir='ltr'><strong>Armesthorp</strong></span> <span class='ocrx_word' id='word_1_341' title='bbox 784 4152 824 4214; x_wconf 90' lang='lat' dir='ltr'><strong>de</strong></span> <span class='ocrx_word' id='word_1_342' title='bbox 840 4151 1013 4230; x_wconf 84' lang='lat' dir='ltr'><strong>Sharrowe,</strong></span> <span class='ocrx_word' id='word_1_343' title='bbox 1029 4152 1177 4217; x_wconf 89' lang='lat' dir='ltr'><strong>Johanne</strong></span> <span class='ocrx_word' id='word_1_344' title='bbox 1192 4154 1233 4215; x_wconf 92' lang='lat' dir='ltr'><strong>de</strong></span> <span class='ocrx_word' id='word_1_345' title='bbox 1256 4155 1404 4217; x_wconf 88' lang='lat' dir='ltr'><strong>Kendale</strong></span> 
     </span>
     <span class='ocr_line' id='line_1_41' title="bbox 260 4244 1405 4333; baseline 0.004 -27"><span class='ocrx_word' id='word_1_346' title='bbox 260 4245 301 4306; x_wconf 91' lang='grc'><strong>(16</strong></span> <span class='ocrx_word' id='word_1_347' title='bbox 323 4244 443 4327; x_wconf 90' lang='lat' dir='ltr'><strong>Thorp,</strong></span> <span class='ocrx_word' id='word_1_348' title='bbox 458 4245 685 4326; x_wconf 75' lang='lat' dir='ltr'><strong>praebendariis</strong></span> <span class='ocrx_word' id='word_1_349' title='bbox 708 4248 742 4308; x_wconf 90' lang='lat' dir='ltr'><strong>in</strong></span> <span class='ocrx_word' id='word_1_350' title='bbox 768 4250 891 4325; x_wconf 91' lang='lat' dir='ltr'><strong>eadem,</strong></span> <span class='ocrx_word' id='word_1_351' title='bbox 902 4270 959 4330; x_wconf 89' lang='lat' dir='ltr'><strong>per</strong></span> <span class='ocrx_word' id='word_1_352' title='bbox 974 4248 1156 4312; x_wconf 87' lang='lat' dir='ltr'><strong>Johannem</strong></span> <span class='ocrx_word' id='word_1_353' title='bbox 1171 4250 1211 4311; x_wconf 87' lang='lat' dir='ltr'><strong>de</strong></span> <span class='ocrx_word' id='word_1_354' title='bbox 1225 4249 1405 4333; x_wconf 80' lang='lat' dir='ltr'><strong>Wallsyng-</strong></span> 
     </span>
    </p>
   </div>
   <div class='ocr_carea' id='block_1_5' title="bbox 258 4337 1405 4533">
    <p class='ocr_par' dir='ltr' id='par_1_31' title="bbox 258 4337 1405 4533">
     <span class='ocr_line' id='line_1_42' title="bbox 258 4337 1405 4428; baseline 0.006 -27"><span class='ocrx_word' id='word_1_355' title='bbox 258 4337 347 4421; x_wconf 87' lang='lat' dir='ltr'><strong>ham,</strong></span> <span class='ocrx_word' id='word_1_356' title='bbox 362 4340 545 4404; x_wconf 90' lang='lat' dir='ltr'><strong>Johannem</strong></span> <span class='ocrx_word' id='word_1_357' title='bbox 568 4342 608 4403; x_wconf 84' lang='lat' dir='ltr'><strong>de</strong></span> <span class='ocrx_word' id='word_1_358' title='bbox 632 4343 737 4421; x_wconf 86' lang='lat' dir='ltr'><strong>Kliut,</strong></span> <span class='ocrx_word' id='word_1_359' title='bbox 753 4342 936 4407; x_wconf 90' lang='lat' dir='ltr'><strong>Johannem</strong></span> <span class='ocrx_word' id='word_1_360' title='bbox 959 4345 1000 4406; x_wconf 90' lang='lat' dir='ltr'><strong>de</strong></span> <span class='ocrx_word' id='word_1_361' title='bbox 1020 4343 1252 4428; x_wconf 84' lang='lat' dir='ltr'><strong>Alhalowgate,</strong></span> <span class='ocrx_word' id='word_1_362' title='bbox 1267 4347 1405 4427; x_wconf 87' lang='lat' dir='ltr'><strong>capella·</strong></span> 
     </span>
     <span class='ocr_line' id='line_1_43' title="bbox 386 4460 1249 4533; baseline 0.005 -20"><span class='ocrx_word' id='word_1_363' title='bbox 386 4460 428 4530; x_wconf 79' lang='lat'><strong>(1)</strong></span> <span class='ocrx_word' id='word_1_364' title='bbox 448 4461 619 4533; x_wconf 82' lang='lat' dir='ltr'><strong>Apparently</strong></span> <span class='ocrx_word' id='word_1_365' title='bbox 631 4480 648 4516; x_wconf 86' lang='lat' dir='ltr'><strong>a</strong></span> <span class='ocrx_word' id='word_1_366' title='bbox 659 4461 765 4517; x_wconf 87' lang='lat' dir='ltr'><strong>scribs’s</strong></span> <span class='ocrx_word' id='word_1_367' title='bbox 777 4480 850 4518; x_wconf 89' lang='lat' dir='ltr'><strong>error</strong></span> <span class='ocrx_word' id='word_1_368' title='bbox 862 4463 905 4518; x_wconf 85' lang='lat' dir='ltr'><strong>for</strong></span> <span class='ocrx_word' id='word_1_369' title='bbox 911 4462 1142 4533; x_wconf 61' lang='lat' dir='ltr'><strong>portiana-See</strong></span> <span class='ocrx_word' id='word_1_370' title='bbox 1153 4462 1249 4517; x_wconf 85' lang='lat' dir='ltr'><strong>below.</strong></span> 
     </span>
    </p>
   </div>
   <div class='ocr_carea' id='block_1_6' title="bbox 0 0 1504 5010">
    <p class='ocr_par' dir='ltr' id='par_1_32' title="bbox 0 0 1504 5010">
     <span class='ocr_line' id='line_1_44' title="bbox 0 0 1504 5010; baseline 0 0"><span class='ocrx_word' id='word_1_371' title='bbox 0 0 1504 5010; x_wconf 95' lang='lat' dir='ltr'><strong> </strong></span> 
     </span>
    </p>
   </div>
  </div>
 </body>
</html>
