2992 5010
121 274 124 281 '
218 300 392 353 11111111
417 299 515 352 sucu
541 299 636 352 111111
661 299 873 365 sacernam
900 300 1052 353 ustrou.
1309 281 1379 355 111

54 467 229 552 elegerint,
239 485 319 549 quos
328 467 476 530 volumus
491 468 526 528 in
541 467 611 548 ipsa
625 466 856 529 ecclesiahoris
866 468 1026 529 canonicis
1040 469 1206 544 interesse,
1231 477 1281 523 uide
1292 477 1377 548 treis·

56 564 144 625 sicut
158 564 193 623 in
209 582 286 624 casu
299 563 460 624 consimili
475 563 509 623 in
525 562 668 624 ecclesiis
690 565 809 624 nostris
824 563 1002 646 collegiatis
1017 562 1206 625 Suwellensi
1232 537 1348 655 ξῖξζὲ

53 661 93 719 11
123 656 349 719 Beuerlacensi
379 661 430 719 est
459 655 616 718 hactenus
646 656 862 734 observatum,
889 657 1038 740 quodque
1067 678 1206 739 praesens

56 751 221 814 ordinacio
242 750 397 814 effectum
412 772 508 814 suum
530 749 649 813 habeat
671 772 691 813 a
712 751 796 813 festo
811 752 1082 815 Annunciacionis
1096 753 1206 814 Beatae

55 847 170 910 Marica
207 848 353 930 Virginis
390 867 479 930 prox.
509 848 630 926 futuro,
659 849 825 930 perpetuis
855 847 975 911 futuris
1004 849 1206 932 temporibus
1279 846 1286 857 '

56 942 220 1020 duratura,
236 949 398 1005 reservata
420 943 513 1005 nobis
535 948 569 1005 et
595 943 829 1006 successoribus
851 945 979 1025 nostris,
996 950 1030 1007 et
1053 965 1151 1027 quam
1167 966 1206 1007 ex
1231 958 1346 1006 Reserva-

56 1057 144 1100 nunc
159 1058 357 1100 reservamus
371 1043 544 1120 potestate,
559 1036 643 1100 hanc
657 1044 800 1100 nostram
822 1039 1071 1119 ordinacionem,
1086 1041 1206 1135 consti·
1230 1019 1344 1135 ξξξὲω
1452 1078 1456 1087 ·

56 1134 233 1210 tucionem,
256 1143 314 1195 ‘seu
338 1134 507 1195 decretum
531 1133 692 1210 mutandi,
714 1134 869 1216 augendi,
892 1134 1087 1213 declarandi,
1103 1136 1205 1197 inter-
1231 1136 1316 1180 amena

55 1228 217 1309 pretendi,
233 1229 424 1310 corrigendi,
446 1230 576 1310 quocies
599 1233 633 1290 11
654 1229 783 1310 quando
806 1229 972 1292 videbitur
998 1236 1203 1313 oportunum·
1230 1193 1338 1299 1111111

57 1323 99 1385 In
114 1344 251 1404 quorum
267 1325 413 1385 omnium
435 1325 662 1385 testimonium
679 1324 824 1406 sigillum
847 1332 994 1388 nostrum
1010 1332 1044 1388 11
1059 1325 1205 1409 sigillum

56 1418 190 1500 capituli
205 1419 301 1480 dictae
317 1419 458 1480 ecclesiae
473 1423 590 1481 nostrae
606 1418 722 1500 Ripcn’
732 1420 949 1502 praesentibus
961 1427 1039 1483 sunt
1052 1442 1204 1504 appensa.

56 1515 102 1575 Et
116 1534 173 1575 nos
188 1514 367 1594 capitulum
384 1514 525 1576 ecclesiae
540 1513 665 1596 Rypon’
674 1514 857 1592 antedictae,
869 1518 1033 1597 praemissc
1048 1518 1156 1578 omnia
1170 1520 1206 1578 et

57 1608 186 1690 singula
216 1608 439 1690 approbantes,
462 1609 670 1686 ratificantes,
695 1612 730 1670 et
754 1609 876 1671 eisdem
900 1631 1046 1693 expresse
1070 1630 1205 1674 consen-

57 1704 208 1780 scientes,
224 1703 369 1787 sigillum
387 1708 535 1765 nostrum
556 1703 770 1785 praesentibus
793 1703 945 1766 duximus
967 1706 1204 1787 apponendum.

56 1797 89 1860 N
89 1818 124 1859 os
139 1818 266 1880 quoque
277 1797 472 1877 Willelmus,
483 1800 693 1880 permissione
703 1802 768 1860 etc.
780 1799 976 1876 antedictus,
986 1820 1024 1861 ao
1034 1799 1205 1881 praefetum

56 1894 236 1976 capitulum
262 1894 358 1955 dictae
391 1893 517 1976 Rypou’
546 1895 688 1956 ecclesiae
710 1899 884 1975 praesentes
919 1915 978 1976 per
1011 1896 1205 1978 magistrum

56 1989 260 2051 Willelmum
305 1989 345 2051 de
393 1988 543 2052 Carleton
588 1990 784 2051 auctoritate
822 1989 997 2071 apostolica
1037 1990 1229 2071 publicum¹

56 2085 220 2144 notarium
250 2083 406 2145 subscribi
444 2084 680 2160 mandavimus,
717 2085 875 2166 signoque
913 2103 970 2144 suo
1003 2087 1038 2145 et
1073 2084 1205 2145 nomine

57 2176 161 2239 solitis
184 2179 385 2240 communiri.
440 2178 515 2241 Dat.
545 2178 631 2260 apud
654 2177 769 2259 Rypon
793 2198 815 2238 x
837 2176 932 2240 Kal’n
959 2177 1090 2260 Aprilis,
1119 2198 1205 2240 anno

55 2278 119 2334 etc.
135 2273 207 2354 xxxj
225 2278 259 2334 et
274 2273 482 2354 pontificatus
498 2274 599 2335 nostri
615 2274 864 2355 quintodecimo.

122 2369 167 2429 Et
177 2387 238 2451 ego
249 2367 432 2429 Willelmus
445 2369 485 2430 de
498 2368 658 2445 Carleton,
667 2368 812 2446 clericus,
824 2368 1035 2432 Eboracensis
1046 2369 1202 2448 dioecesis,
1232 2380 1379 2452 suscepero

56 2463 206 2544 publicus
221 2464 415 2524 auctoritate
430 2464 606 2544 apostolica
620 2466 776 2540 notarius,
791 2465 965 2545 praemissa,
981 2470 1078 2546 prout
1093 2486 1204 2548 supra·
1228 2441 1334 2501 qum

57 2558 240 2619 scribuntur
254 2578 350 2635 anno,
366 2578 489 2635 mense,
504 2559 569 2634 die,
585 2562 619 2620 et
641 2559 710 2620 loco
733 2560 937 2640 supradictis,
953 2560 1134 2622 indiccione
1152 2582 1204 2639 xv,

56 2674 121 2715 una
162 2674 237 2715 cum
267 2655 431 2735 magistris
461 2654 626 2715 Willelmo
664 2654 704 2716 de
742 2654 903 2716 Albervvik
941 2675 1036 2718 sacrae
1065 2658 1204 2739 paginae,

56 2748 196 2811 Roberto
211 2749 252 2810 de
267 2749 466 2831 Nassington
481 2748 649 2830 utriusque
660 2747 744 2830 juris
765 2749 1004 2831 professoribus,
1019 2751 1141 2812 Adamo
1163 2751 1205 2814 de

57 2842 239 2907 Heselbech
255 2844 295 2906 de
312 2844 459 2907 Stratton
483 2846 517 2906 in
533 2845 563 2906 11
587 2844 676 2926 Clay,
691 2845 830 2907 dominis
853 2846 990 2908 Ricardo
1005 2846 1045 2907 de
1061 2845 1204 2932 Otryng-

55 2939 132 3002 ham
148 2941 188 3002 de
205 2940 542 3022 Kirkcbyoreblauers,
557 2940 722 3002 Willelmo
737 2941 778 3003 de
794 2941 946 3021 Popiltcu
969 2941 1009 3003 de
1033 2941 1203 3004 Brufortcn

56 3035 264 3097 ecclesiarum
287 3034 475 3112 rectoribus,
490 3035 586 3096 Ebor.
609 3034 765 3111 dioecesis,
788 3041 825 3097 et
846 3035 919 3096 aliis
933 3035 1073 3097 testibus
1087 3034 1203 3098 adhoc

55 3132 176 3191 vocatis
198 3135 233 3192 et
255 3130 386 3212 rogetis,
401 3150 541 3210 praesens
560 3129 707 3207 interfui,
730 3134 764 3191 et
786 3150 824 3192 ea
848 3130 893 3191 sic
917 3128 987 3190 fieri
1006 3129 1147 3191 vidimus
1169 3136 1203 3193 et

55 3225 249 3302 audivimus,
264 3245 301 3287 11
324 3225 365 3287 de
387 3225 550 3301 mandato,
565 3224 781 3306 injunccione,
796 3227 830 3285 et
853 3223 1020 3286 voluntate
1042 3223 1203 3286 dictorum

55 3321 157 3402 patris
173 3321 382 3382 Eboracensis
401 3318 635 3401 archicpiscopi
659 3324 694 3381 et
715 3318 851 3400 capituli
873 3318 1009 3400 Rypon',
1024 3316 1078 3380 hic
1092 3338 1145 3381 me
1167 3320 1203 3381 in

56 3420 176 3477 testem
206 3416 389 3495 subscripsi,
420 3415 614 3498 signumque
644 3434 755 3475 meum
784 3414 918 3495 apposui
944 3416 1136 3476 consuetum
1166 3414 1202 3476 in

55 3511 281 3572 testimonium
296 3510 553 3592 praemissorum.¹

112 3619 154 3688 (1)
173 3618 231 3672 The
243 3618 413 3689 Inspeximue
425 3618 508 3672 above
527 3617 645 3672 referred
665 3624 694 3671 1ο
706 3617 800 3688 begins
821 3634 851 3672 as
862 3616 984 3673 follows:
1004 3621 1012 3649 ‘
1022 3619 1066 3673 Dc
1087 3619 1201 3689 quodam

57 3697 224 3750 ordinacione
236 3696 317 3767 facto
328 3696 358 3748 1η
370 3696 473 3749 ecelesia
494 3696 630 3764 collegiata
647 3695 752 3765 Ripon’.
789 3695 851 3749 Rex
871 3696 997 3750 omnibns
1019 3696 1054 3750 ed
1074 3713 1140 3766 quos
1151 3702 1202 3751 etc.

56 3775 178 3828 salutem.
197 3773 367 3844 Inspeximus
376 3774 511 3843 quendam
524 3772 722 3827 ordinacionem
735 3773 836 3827 factem
845 3790 893 3845 per
905 3774 1085 3828 venerabilem
1096 3781 1202 3845 petrem

57 3852 253 3922 W(illelmum)
265 3851 507 3922 Archiepiscopum
525 3851 606 3905 Ebor.
619 3852 648 3904 in
659 3851 828 3906 1111111111·
864 3851 942 3904 Thon
961 3868 991 3904 as
1008 3853 1102 3920 above,
1113 3869 1143 3906 so
1160 3853 1203 3905 111·

56 3931 144 3983 11111
158 3929 214 3982 first
228 3930 300 3994 date,
314 3931 364 3983 but
381 3929 449 3982 with
468 3930 515 3982 the
533 3928 673 3999 following
693 3928 889 4000 subscription:
910 3927 983 3983 ‘Noe
1003 3929 1202 3983 ordinacionem

56 4007 215 4078 praedictam
226 4015 312 4061 ratem
331 4007 461 4061 habentes
473 4013 501 4061 et
522 4013 635 4077 gratam,
647 4025 706 4062 eam
718 4025 767 4079 pro
785 4006 863 4061 nobis
875 4013 903 4061 et
924 4006 1078 4061 hoeredibus
1096 4007 1203 4076 nostris,

56 4093 188 4158 quantum
201 4087 229 4140 in
247 4086 325 4140 nobis
337 4093 387 4153 eet,
400 4086 570 4140 concedimus
581 4093 610 4140 et
628 4087 825 4154 confirmemus,
838 4085 909 4140 sicut
920 4085 1005 4140 literae
1018 4085 1103 4157 ipsius
1116 4086 1203 4141 archi·

56 4164 171 4237 episcopi
184 4170 212 4217 ct
223 4164 335 4235 capituli
347 4165 427 4219 dictee
439 4164 558 4219 ecclesie
571 4164 669 4236 Ripon'
679 4164 743 4218 inde
755 4163 835 4218 facte)
847 4162 1048 4217 racionabiliter
1059 4169 1201 4218 testantur.

111 4243 162 4295 ‘In
186 4242 272 4314 cujus,
293 4249 344 4298 stc.
379 4243 459 4299 Teste
472 4243 547 4313 Rege
567 4243 640 4316 apud
662 4241 745 4298 Ebor.
766 4240 956 4299 terciodecimo
979 4241 1023 4297 die
1047 4241 1203 4298 Decembris

112 4400 181 4454 ‘Per
192 4402 271 4455 breve
282 4401 316 4455 de
328 4400 432 4472 privato
443 4400 550 4472 sigillo!
