2992 5010
196 327 371 381 exsultas
396 326 494 380 FROM
521 328 617 381 l'ORK
646 328 855 394 usu1srsR83
892 329 1071 382 ROllANUS.

56 499 91 560 in
106 503 209 560 cantu
232 501 268 558 et
293 496 481 579 psalmodia,
495 497 537 560 ad
559 495 647 560 chori
670 518 768 560 onera
791 499 1020 581 supportanda,
1036 497 1119 560 tales
1142 497 1211 560 loco

57 596 202 676 ipsorum
218 593 340 655 curetis
363 593 505 675 recipere
528 600 562 656 et
586 594 783 657 substituere
798 595 838 656 de
861 602 989 673 caetero,
1004 595 1060 677 qui
1084 594 1210 676 probati

59 698 93 752 et
125 690 325 752 sufficientes
355 687 478 751 fuerint
505 690 540 751 in
570 692 755 772 praemissis.
800 690 869 751 Nec
896 689 1109 774 negligenciae
1133 709 1212 751 con-

59 787 198 847 vincatis
227 785 306 867 quin
341 784 568 867 delinquentes
599 792 633 847 et
663 793 809 848 errantes
839 787 874 848 in
905 784 1001 848 choro
1031 786 1211 866 corripiatis

59 884 190 960 acriter,
202 888 237 944 et
251 902 309 962 pro
323 881 419 943 modo
430 881 533 964 culpae
546 903 603 944 seu
612 882 756 960 desidiae,
766 883 851 944 sicut
860 883 1023 960 convenit,
1034 881 1211 963 corrigatis.

62 980 102 1040 In
128 977 229 1061 hujus
259 979 361 1039 nostri
391 979 584 1041 execucione
615 979 761 1040 mandati
785 985 892 1040 vestra
923 999 956 1040 se
988 980 1033 1040 sic
1064 981 1212 1040 exerceat

61 1075 205 1150 devocio,
242 1073 328 1156 quod
365 1075 552 1137 mandantis
589 1076 764 1137 auctoritas
803 1075 1060 1137 recommendare
1094 1073 1213 1135 debeat
1317 1152 1320 1157 Ι

61 1171 285 1233 obedienciam
301 1171 501 1252 exequentis.
540 1169 665 1233 Valete.
712 1171 786 1232 Dat.
801 1170 888 1252 apud
905 1170 1071 1253 Quixeley,
1087 1168 1117 1251 vj
1137 1167 1211 1231 Kal.

61 1267 160 1329 Mart.
176 1271 268 1348 pont.
285 1273 348 1327 etc.

1238 1405 1281 1464 (7³
1292 1406 1326 1464 s.)

128 1458 378 1520 Memorandum
402 1458 488 1540 quod
508 1458 658 1521 scribitur
683 1453 789 1522 eidem
813 1455 849 1521 R.
865 1459 950 1540 quod
977 1459 1086 1520 omnia
1110 1458 1212 1540 perti·
1236 1477 1288 1510 rr».

62 1557 179 1618 nencia
200 1554 241 1616 ad
257 1556 475 1616 communiam
492 1555 617 1637 llypon’
632 1563 815 1637 sequestret
836 1562 871 1617 et
887 1555 947 1617 snb
961 1562 1032 1617 arto
1047 1560 1212 1636 sequestro
1239 1523 1349 1628 {ciffi

62 1651 218 1713 custodiri
248 1649 357 1728 faciat,
386 1650 488 1712 donec
518 1652 559 1712 de
596 1653 823 1733 procuracione
860 1653 986 1713 racione
1016 1650 1213 1713 visitacionis
1239 1665 1352 1735 fragm

62 1747 175 1809 debita
189 1746 252 1809 sibi
267 1745 367 1808 fuerit
383 1746 595 1810 satisfactum.
641 1747 715 1809 Dat.
732 1768 828 1830 supra
843 1748 998 1830 proxime.
1238 1738 1359 1827 mm

1239 1842 1290 1885 raa·

1289 1856 1331 1886 ΟΜ

132 1936 284 2021 capitulo
299 1945 409 2001 nostro
424 1939 549 2022 Rypon’
559 1938 710 2017 salutem,
721 1939 873 2022 graciam,
889 1943 924 1999 ct
938 1937 1214 1999 benediccionem.
1239 1907 1392 2042 aff*

66 2035 166 2097 Facta
195 2034 285 2098 vobis
315 2056 334 2096 a
364 2035 623 2118 procuratoribus
649 2042 858 2097 executorum
885 2034 1008 2096 domini
1039 2031 1215 2094 Percevalli
1240 2053 1292 2086 an.
1305 2041 1370 2087 1990.

65 2131 230 2215 quondam
245 2133 389 2194 canonici
405 2131 521 2214 Ripon’
536 2133 711 2193 securitate
733 2132 774 2193 de
791 2129 1016 2192 satisfaciendo
1038 2149 1095 2211 pro
1109 2127 1217 2190 defec-
1240 2099 1301 2228 Ψ
1301 2102 1347 2228 (11.3·

65 2227 156 2290 tibus
184 2227 355 2289 domorum
382 2228 561 2310 praebendae
590 2248 689 2310 quam
718 2229 753 2289 in
782 2227 871 2288 dicta
900 2226 1071 2308 praebenda
1100 2222 1217 2306 Ripon’
1240 2189 1393 2314 alludiu-

67 2321 397 2406 tribueremus,
412 2330 447 2385 et
470 2324 512 2386 de
535 2323 688 2386 solvendo
711 2325 818 2386 eidem
841 2323 984 2385 ecclesiae
1000 2322 1154 2405 quicquid
1176 2341 1216 2383 ex
1241 2303 1379 2408 fflfflf‘l‘

67 2419 351 2482 consuetudinario
360 2419 436 2501 jure
452 2419 600 2497 debetur,
616 2420 785 2482 devocioni
800 2425 915 2481 vestrae
931 2419 1121 2480 mandamus
1137 2438 1216 2500 qua·
1265 2420 1363 2523 saner·

68 2516 157 2578 tinus
173 2520 382 2598 sequestrum
396 2518 587 2578 auctoritate
603 2521 713 2577 nostra
728 2517 763 2577 in
779 2515 938 2578 fructibus
955 2522 989 2577 et
1007 2515 1217 2596 proventibus
1242 2493 1299 2526 ova
1319 2511 1325 2524 '

68 2612 164 2675 dictae
193 2611 374 2695 praebendae
401 2612 633 2694 interpositum
665 2611 829 2688 relaxetis,
858 2611 962 2673 dictos
995 2615 1218 2693 procuratores

69 2714 190 2771 ext-nnc
211 2709 248 2770 in
270 2707 350 2790 ipsis
370 2707 597 2769 administrare
619 2708 719 2770 libere
738 2708 979 2790 permittentes.
1024 2707 1098 2768 Dat.
1114 2705 1150 2787 iij
1169 2704 1218 2767 ld.

70 2802 136 2867 Jul.
152 2824 251 2888 supra
263 2823 352 2887 prox.
368 2801 469 2890 (anno
484 2801 555 2889 5¹⁰).

112 2994 277 3061 Mandata
298 3002 331 3060 to
352 2994 475 3060 induci
496 2989 794 3061 Jacobraol--1
820 2997 852 3057 to
871 2987 1019 3078 pretend
1041 2999 1160 3056 roco-ut
1178 2990 1219 3073 by

71 3090 168 3157 death
181 3091 224 3177 os
232 3091 389 3157 Perceuul
403 3090 443 3156 de
458 3090 648 3174 Lovopnr'o.

133 3266 335 3353 Jtobannes)
342 3269 565 3352 permissione,
575 3266 775 3330 etc.dilectis
789 3268 823 3329 in
841 3265 969 3330 Christo
986 3263 1060 3325 filiis
1076 3263 1219 3345 capitulo
1244 3272 1330 3333 (sio.)

70 3370 180 3429 nostro
193 3362 332 3448 Bypon’,
346 3363 497 3440 salutem,
506 3364 659 3447 graciam,
669 3368 704 3424 et
718 3363 994 3425 benediccionem.
1018 3359 1219 3421 Declinanti-
1243 3333 1373 3451 fflfff'

71 3460 132 3525 bus
145 3458 239 3525 nobis
252 3461 295 3523 ad
316 3459 498 3545 capitulum
519 3459 721 3523 antedictum
736 3459 789 3521 die
814 3459 905 3521 Jovis
919 3458 953 3520 in
969 3456 1109 3518 crastino
1124 3455 1219 3518 Beati
1250 3474 1358 3522 verme

70 3556 184 3623 Juonbi
196 3556 336 3641 apostoli
350 3577 437 3640 prox.
453 3556 617 3639 praeterito
631 3555 672 3617 ad
688 3555 884 3617 visitacionis
898 3552 1039 3614 officium
1055 3552 1140 3634 apud
1164 3572 1218 3612 vos
1244 3535 1360 3653 {32:²⁵4

71 3657 108 3717 et
127 3652 299 3717 eeclesiam
319 3657 461 3717 vestram
483 3653 627 3735 paternis
649 3651 821 3713 affectibus
837 3649 1062 3724 exercendum,
1078 3648 1219 3709 dominis
1244 3653 1358 3698 decretvm

71 3746 328 3837 Rogemflwayn
342 3753 378 3812 et
398 3746 547 3813 Johanne
562 3749 603 3810 de
627 3744 858 3831 Beningwortb
881 3745 1043 3805 canonicis
1071 3743 1218 3826 ejusdem
1243 3718 1346 3839 mg

70 3844 216 3911 eoelaeiae
229 3864 337 3909 coram
351 3843 445 3907 nobis
460 3845 495 3906 in
510 3844 598 3907 dicto
613 3842 755 3924 capitulo
778 3838 990 3923 personaliter
1004 3839 1219 3920 comparenti·
1244 3843 1373 3889 mamam.

71 3938 144 4019 bns,
157 3960 197 4005 ao
210 3940 353 4005 dominis
373 3938 527 4023 Philippo
549 3940 590 4002 de
605 3935 793 4021 Wylugbby
808 3942 844 3997 et
866 3935 1030 4017 magistris
1055 3933 1220 3995 Willelmo

71 4036 115 4103 de
150 4034 340 4116 oreneford,
376 4033 525 4100 Jobanne
562 4034 604 4097 de
634 4033 777 4115 Ebroyc’,
808 4037 843 4093 et
872 4031 1003 4092 domino
1033 4030 1149 4110 Egidio
1179 4030 1220 4090 de

71 4130 258 4199 Gurderoba
270 4128 479 4215 (Audenarde
502 4127 705 4211 interlined)
719 4129 815 4190 dictae
838 4126 983 4188 ecclesiae
998 4125 1220 4186 concanonicis

71 4226 207 4317 pusato
223 4226 279 4293 die
303 4228 397 4294 Jovis
419 4228 608 4291 nullatenus
633 4224 846 4309 personaliter
873 4223 1144 4304 comparentibus,
1161 4242 1221 4282 neo

78 4324 273 4391 sufficienter
296 4326 476 4388 secundum
498 4324 584 4408 juris
615 4322 817 4404 exigenciam
847 4339 905 4400 pro
937 4338 968 4379 se
1000 4318 1221 4396 mittentibus,

572 4449 580 4480 ¹
600 4446 731 4517 Illegible.

139 4546 215 4597 vor..
228 4546 266 4597 11.
638 4544 658 4591 C
