2992 5010
85 302 131 377 60
618 321 827 378 unlronrsns
851 325 897 377 or
922 323 1042 376 areos.

86 525 129 585 (ιο
139 525 173 585 1,,)
326 487 449 553 lettera
465 488 503 573 os
514 490 756 574 sequestratim
772 492 811 576 of
818 490 984 577 prebenda
999 491 1038 575 of
1053 488 1182 574 Thorp',
1198 482 1412 567 Nurraewyt,

85 630 136 664 ao.
148 617 213 664 1303,
260 584 332 648 oud
348 582 492 668 Stodlep,
508 585 582 650 held
598 585 638 670 by
653 586 729 652 Joh.
746 588 785 652 de
800 587 989 666 Saracenis,
1001 587 1077 652 Tho.
1087 586 1128 650 de
1137 582 1326 662 Soboudiu,
1339 579 1413 645 arrd

85 677 150 736 ⁸⁰9¹*
162 680 184 723 ⁹·
260 680 336 746 Jot.
352 681 392 745 de
407 681 591 748 Benestede.
638 684 770 749 Garrod.
785 707 806 749 0
821 685 874 749 ld.
890 685 980 770 Sept.
995 706 1089 748 auno
1106 681 1172 747 3⁶¹⁰.

87 851 130 911 (ιο
140 851 175 911 a.)
327 829 521 908 willelmus,
537 832 748 913 permissione
763 832 881 894 Divina
897 832 992 894 Ebor.
1004 830 1274 912 archiepiscopus,
1286 827 1414 910 Angliae

85 922 215 1028 afflig&
261 925 392 1010 primas,
407 927 535 989 dilectis
550 927 626 988 filiis
642 928 784 1009 capitulo
806 934 915 990 nostro
938 928 1073 1011 Rypon’,
1089 927 1240 1005 salntem,
1258 926 1414 1010 graciam,

87 996 212 1112 DZ&
262 1027 297 1084 et
312 1021 586 1085 benediccionem.
619 1024 732 1106 Nuper
747 1025 916 1087 ecclesiam
932 1024 1057 1107 Rypon’
1066 1026 1249 1099 visitantem,
1264 1020 1413 1104 qnaedam

87 1126 183 1229 ‘perstet'
262 1119 348 1180 inter
372 1119 436 1180 alia
461 1121 677 1202 comperimus
701 1142 773 1203 quae
797 1122 837 1183 ad
864 1119 1020 1183 bonorem
1048 1121 1108 1183 Dei
1139 1127 1174 1183 et
1198 1118 1341 1181 ecclesiae
1366 1116 1413 1177 sic

110 1201 172 1244 ypra
181 1218 187 1232 '
262 1213 413 1276 duximus
428 1215 638 1279 reformanda.
684 1218 724 1278 In
740 1218 863 1299 primis,
879 1217 1015 1280 firmiter
1036 1215 1223 1278 inhibemus
1247 1219 1285 1276 nt
1307 1213 1412 1275 deeae·

86 1335 153 1383 orla
180 1338 230 1385 sou,
262 1315 332 1370 tero
348 1309 423 1371 laici
439 1317 528 1372 stent
542 1312 582 1373 ad
598 1311 700 1375 altare
715 1313 756 1374 ad
779 1314 958 1395 petendum
973 1313 1155 1375 oblaciones
1178 1319 1213 1373 et
1235 1309 1300 1372 alia
1314 1309 1413 1370 obve-

88 1351 238 1503 landini„
262 1406 400 1483 nicncia,
425 1427 482 1468 sen
513 1428 550 1470 ea
576 1409 708 1492 exigant
730 1414 789 1471 aut
812 1411 970 1492 recipiant
999 1410 1112 1492 quovis
1137 1407 1254 1484 modo,l
1285 1411 1413 1467 eontra-

262 1503 430 1564 venientes
460 1511 570 1565 autem
601 1525 659 1587 per
682 1507 1025 1568 excommunicacionis
1056 1504 1266 1581 sentenciam,
1289 1506 1325 1564 et
1353 1520 1413 1582 per

265 1598 361 1660 aliam
376 1620 544 1661 censuram
560 1602 745 1663 canonicam
760 1622 779 1664 a
801 1603 1056 1684 praesumpcione
1078 1599 1265 1683 hujusmodi
1280 1617 1413 1660 arcean-

262 1698 326 1757 tur.
360 1696 447 1758 Item
461 1694 665 1779 injungimus
681 1698 767 1780 quod
783 1698 866 1760 nulli
882 1698 1080 1780 sepeliantur
1095 1699 1130 1758 in
1146 1695 1281 1758 ecclesia
1296 1691 1414 1775 Ripon'

88 1810 183 1858 Burrus
262 1791 326 1852 nisi
343 1811 468 1874 magnae
484 1797 518 1854 et
540 1790 685 1855 honestae
708 1814 850 1876 personae
874 1799 909 1856 et
932 1815 1004 1876 quae
1027 1795 1110 1855 bene
1137 1792 1263 1853 meritae
1289 1789 1415 1851 inerint

87 1871 225 1978 {fficio
264 1907 341 1970 erga
356 1888 524 1950 ecclesiam
547 1898 769 1953 memoratam.
816 1891 902 1952 Item
925 1889 1129 1972 injungimus
1152 1895 1187 1951 et
1209 1887 1414 1969 praecipimus

88 2011 209 2060 vm„
263 1984 349 2066 quod
364 2005 476 2046 omnes
492 1986 603 2046 vicarii
618 1987 713 2047 dictae
736 1985 877 2048 eeclesiae
901 1985 998 2047 simul
1021 1983 1172 2047 habitent
1186 1985 1239 2045 die
1261 1990 1296 2045 et
1319 1987 1414 2043 nocte

87 2071 195 2179 {agan
263 2079 298 2142 in
314 2081 409 2142 domo
434 2101 492 2162 per
507 2082 676 2144 dominum
699 2081 891 2144 Nicholaum
915 2082 956 2143 de
982 2083 1170 2165 Bondegate
1193 2080 1234 2143 ad
1250 2078 1415 2141 inhabita-

197 2165 204 2180 ’
262 2176 388 2238 cionem
405 2178 581 2239 eorundem
597 2179 788 2239 vicariorum
800 2179 945 2249 caritatis
961 2179 1087 2239 intuitu
1097 2178 1174 2239 data
1189 2183 1224 2238 et
1238 2175 1415 2252 concessa,²

258 2269 439 2353 jurentque
463 2271 646 2334 inhabitare
670 2274 803 2335 domum
827 2274 963 2335 eandem
982 2273 1079 2355 juxta
1094 2273 1335 2334 ordinacionem
1357 2290 1415 2352 per

264 2387 320 2428 vos
335 2368 527 2448 praedictum
542 2369 722 2450 capitulum
746 2370 821 2431 inde
837 2369 968 2447 factum,
984 2391 1082 2452 qnam
1106 2369 1166 2431 sub
1181 2374 1289 2430 vestro
1306 2366 1415 2450 sigillo

263 2465 429 2524 communi
445 2464 586 2525 vidimus
605 2465 776 2527 contineri.
823 2466 866 2526 Et
874 2467 914 2527 ad
925 2464 992 2528 baec
1009 2470 1043 2527 et
1057 2466 1120 2527 alia
1135 2464 1333 2527 observanda
1343 2484 1415 2545 quae

265 2558 301 2619 in
317 2559 404 2620 dicta
418 2559 622 2622 ordinacione
643 2559 772 2642 plenius
788 2569 865 2623 sunt
887 2582 1036 2643 expressa
1050 2582 1108 2643 per
1128 2579 1298 2623 censuram
1315 2559 1417 2626 eccle-

266 2655 427 2716 siasticam
444 2656 471 2716 si
495 2675 624 2718 necesse
652 2655 753 2717 fuerit
776 2658 1021 2740 compellantur.
1067 2656 1193 2718 Valete.
1239 2655 1314 2717 Dat.
1330 2653 1416 2736 apud

269 2749 382 2813 Cawod
406 2751 452 2832 iiij
478 2751 527 2812 Id.
544 2752 726 2834 Septembr.
743 2752 836 2814 Anno
859 2754 974 2837 graciae
985 2753 1035 2815 11ο
1046 2759 1259 2828 eco¹¹⁰octavo,
1275 2757 1310 2813 et
1324 2756 1417 2832 pont.

267 2847 371 2908 nostri
386 2867 471 2909 anno
486 2849 595 2911 tercio

333 2997 582 3083 Appoiutrneut
612 3000 651 3084 of
686 2999 764 3064 aot.
803 2999 843 3064 de
872 2999 1023 3084 Pontes'r.
1054 3022 1092 3065 us
1124 2998 1256 3084 builiff5
1293 2998 1417 3077 Cawod,

266 3095 348 3255 {pp
362 3100 543 3256 3112,ll?;30(}38,
566 3097 638 3161 arrd
661 3096 700 3183 os
719 3095 804 3162 tht.
829 3095 869 3160 de
883 3095 1041 3161 Shirwod
1056 3118 1096 3161 us
1110 3095 1271 3172 rescirem
1294 3095 1417 3172 Garrod,

334 3349 615 3412 Excellentissimo
635 3351 774 3433 principi
798 3371 834 3412 ac
856 3350 988 3412 domino
1013 3370 1072 3412 suo
1094 3351 1273 3427 carissimo,
1287 3348 1418 3411 domino

267 3445 445 3522 Edward0‚³
462 3446 522 3506 Dei
545 3448 653 3527 gracia
675 3447 745 3528 regi
761 3446 887 3530 Angliae
910 3446 1041 3523 illustri,
1055 3446 1187 3508 domino
1201 3445 1368 3507 Hiberniae
1383 3449 1418 3505 et

267 3578 449 3642 Provinciale,
461 3579 502 3631 ed.
524 3579 608 3643 1679;
628 3578 721 3632 Oonst.
742 3580 807 3649 Lag.
821 3598 847 3650 p.
864 3581 937 3650 136.)
975 3582 1003 3634 Α
1015 3580 1069 3634 lile
1083 3579 1248 3652 prohibition
1260 3592 1317 3632 was
1331 3576 1418 3632 issned

269 3662 298 3709 at
311 3673 327 3709 a
339 3656 445 3709 council
458 3657 520 3710 held
533 3664 562 3710 at
575 3657 695 3710 Scisscns
714 3657 741 3710 in
755 3658 832 3710 1456.
872 3658 987 3727 (Labbe,
999 3659 1055 3712 xix.
1070 3660 1145 3723 116.)
1185 3659 1211 3712 11
1223 3675 1279 3711 was
1290 3656 1418 3728 onqnired

270 3741 300 3788 at
312 3735 359 3786 the
372 3735 485 3788 Council
497 3735 527 3787 01
539 3735 630 3801 Trent,
645 3735 708 3805 May
718 3737 763 3803 27,
772 3736 850 3803 1623,
861 3741 910 3789 ‘an
921 3739 1069 3808 capitulum
1079 3737 1257 3791 Atrebatense
1267 3736 1311 3801 (oi
1321 3735 1419 3804 Artas)

270 3813 356 3885 possit
374 3830 498 3867 exercere
517 3814 662 3880 nundinas,
675 3821 817 3880 mercatus,
836 3832 868 3868 ac
885 3817 1012 3888 strepitus
1022 3816 1189 3888 judiciorum
1201 3814 1375 3887 profanorum
1390 3814 1418 3866 in

270 3891 383 3947 ecclesia
401 3910 433 3945 ac
451 3891 510 3963 ejus
528 3893 712 3947 coemeteriis?
724 3895 730 3919 '
741 3894 794 3947 and
811 3896 949 3948 answered
963 3896 990 3948 in
1004 3898 1050 3950 the
1062 3896 1193 3967 negative.
1232 3893 1420 3964 (Oontinuatio

272 3972 341 4027 Sess.
355 3989 418 4025 xxv.
440 3971 638 4026 Declarationes
650 3980 678 4026 et
691 3973 887 4043 Resolutiones,
900 3976 939 4043 2.)
963 3976 1065 4046 Bisbop
1077 3973 1258 4045 Braybroolre,
1266 3988 1320 4026 an.
1333 3973 1421 4026 1381-

273 4052 353 4117 1404,
366 4050 419 4102 had
438 4055 467 4103 to
487 4051 557 4104 issue
576 4069 592 4105 a
610 4053 709 4123 special
728 4054 855 4107 mandate
867 4054 973 4123 against
985 4056 1032 4108 the
1045 4054 1214 4126 profanation
1227 4052 1259 4106 oi
1276 4051 1310 4106 St
1331 4051 1420 4105 Paul’s

273 4129 301 4182 in
320 4128 375 4181 this
394 4129 448 4181 and
466 4130 544 4182 other
555 4149 631 4201 ways
650 4133 806 4202 (Dugdale’s
819 4134 859 4186 St.
873 4134 971 4200 I'uuts,
984 4152 1001 4205 p
1023 4136 1081 4203 22),
1095 4134 1150 4187 and
1163 4150 1197 4187 on
1210 4131 1314 4185 similar
1325 4130 1422 4184 abuscs

269 4208 346 4261 there
358 4208 387 4259 in
400 4208 470 4262 later
482 4208 571 4276 times,
583 4228 626 4264 see
638 4211 772 4264 Milman's
785 4213 823 4264 St.
838 4212 935 4279 Partis,
948 4231 991 4285 pp.
1002 4214 1098 4267 286-8.

325 4287 369 4355 (l)
391 4287 442 4340 See
454 4286 542 4341 below
554 4290 638 4343 under
651 4291 715 4344 date
727 4291 787 4345 Oct.
802 4291 844 4357 17,
860 4292 939 4345 1312.

324 4366 367 4432 (2)
388 4366 441 4418 For
453 4367 500 4419 the
512 4377 600 4437 grant,
613 4387 655 4423 seo
670 4370 720 4424 vol.
734 4369 762 4437 i.,
774 4387 800 4442 p.
817 4371 875 4424 lli).

324 4444 368 4513 (3)
394 4445 526 4501 Secundo.
