2992 5010
262 319 437 373 nxraams
462 317 561 371 naon
586 318 684 370 roan
709 315 925 381 ancrsrnas;
953 315 1116 367 navum.
1364 292 1436 366 137

109 489 246 556 ecclesia
261 488 426 567 faciendis,
441 488 653 571 personaliter
667 489 824 550 interesse
839 486 975 548 minime
990 486 1132 548 tenearis
1146 485 1211 547 nisi
1225 485 1261 546 in
1285 491 1390 563 excuset

110 585 286 668 majoribus
311 584 403 647 festis
427 591 462 647 et
486 585 571 663 aliis,
595 604 721 646 necnon
750 582 845 645 aliter
871 602 946 643 cum
973 582 1104 644 comode
1130 581 1262 664 poteris,
1285 555 1431 656 {flssssffhtssx

110 683 160 744 ita
174 686 287 743 tamen
303 680 388 761 quod
403 681 497 742 dictae
513 681 665 742 cantariae
679 679 809 761 quando
826 677 899 739 aliis
919 676 1030 739 debite
1053 677 1263 753 deserviatur,
1286 669 1432 774 captamus

108 776 172 838 tibi
197 796 255 857 pro
276 781 422 857 tempore
445 781 503 838 tuo
526 777 698 838 dumtaxat
720 773 891 835 licenciam
917 777 1029 835 tenore
1052 773 1263 855 praesencium
1287 741 1366 833 iuberis

23 866 25 870 ’
111 871 318 935 concedimus
334 871 517 953 specialem,
533 878 623 934 etex
637 870 778 934 uberiori
793 869 878 931 dono
895 870 1011 953 graciae
1033 875 1145 932 tecum
1168 864 1265 950 super

105 966 293 1051 juramento
308 972 367 1029 tuo
382 969 416 1029 in
439 965 500 1029 hac
522 972 613 1049 parte
636 966 794 1049 praestito,
808 971 921 1027 tenore
936 966 1149 1046 praesencium
1164 965 1264 1026 mise·

110 1063 279 1126 ricorditer
307 1063 551 1144 dispensamus;
588 1063 741 1125 nolumus
767 1067 880 1123 tamen
909 1061 995 1142 quod
1025 1059 1093 1123 hac
1122 1079 1263 1144 praesens
1287 1062 1428 1111 Barnun

110 1165 220 1222 nostra
242 1158 377 1221 licencia
399 1158 470 1220 aliis
492 1159 560 1221 tuis
583 1156 817 1220 suecessoribus
839 1154 988 1218 trahatur
1008 1157 1044 1219 in
1067 1155 1263 1239 exemplum,
1285 1124 1437 1242 iiim.

110 1260 162 1316 set
176 1258 250 1336 post
264 1259 404 1315 mortem
419 1260 512 1316 tuam
533 1254 621 1316 dicta
642 1252 804 1314 ordinacio
819 1253 854 1313 in
869 1253 1021 1315 omnibus
1036 1254 1102 1316 suis
1117 1251 1261 1315 articulis
1286 1241 1419 1301 praedant„

109 1349 340 1412 inviolabiliter
355 1349 552 1413 observetur.
598 1351 640 1412 In
655 1349 749 1432 cujus
764 1348 812 1410 rei
828 1349 1065 1427 testimonium,
1080 1347 1153 1411 eta’

175 1445 243 1507 Nos
258 1466 334 1508 vero
348 1445 558 1508 attendentes
566 1445 745 1530 allegatum
756 1445 792 1506 in
803 1444 899 1506 dictis
907 1443 1012 1507 literis
1020 1443 1261 1527 praedecessoris
1286 1447 1437 1508 sanbuhop

109 1541 214 1603 nostri
228 1539 296 1603 fore
311 1561 487 1603 consonum
503 1542 635 1619 racioni,
651 1544 686 1603 et
700 1539 787 1622 quod
801 1539 895 1601 nobis
910 1541 944 1601 in
960 1540 1064 1602 officio
1073 1539 1261 1621 Receptoris
1285 1505 1422 1612 ,Aoiffiffl

108 1637 210 1698 nostri
226 1636 343 1718 Ripou’
353 1635 480 1720 jugiter
494 1642 529 1699 et
544 1636 750 1699 laudabiliter
765 1636 918 1713 deservis,
934 1635 1142 1718 volentesque
1164 1655 1260 1717 prop·
1285 1625 1412 1731 fgffln

108 1737 198 1795 terea
227 1733 464 1815 praemissorum
501 1734 628 1796 intuitu
664 1737 761 1814 prout
794 1731 933 1816 dignum
969 1732 1163 1794 arbitramur
1198 1730 1261 1793 tibi

108 1829 249 1912 graciam
279 1828 384 1891 facere
415 1828 589 1910 specialem
619 1833 655 1890 ut
687 1825 774 1889 horis
804 1828 968 1890 canonicis
990 1827 1026 1889 in
1053 1827 1140 1890 dicto
1166 1824 1262 1888 choro

109 1923 282 2006 psallendis
292 1924 344 1985 vel
359 1923 613 2006 processionibus
625 1923 709 1986 inibi
717 1922 873 1985 faciendis
884 1923 1096 2005 personaliter
1104 1923 1262 1984 interesse

107 2019 244 2080 minime
260 2020 400 2080 tenearis
415 2019 479 2080 nisi
494 2019 530 2080 in
545 2017 722 2102 majoribus
744 2017 837 2079 festis
859 2022 894 2079 et
916 2017 999 2095 aliis,
1017 2037 1144 2079 necnon
1167 2016 1262 2078 aliter

107 2134 184 2176 cum
209 2114 342 2176 comode
368 2115 499 2196 poteris,
524 2115 572 2176 ita
595 2120 708 2176 tamen
732 2114 818 2195 quod
842 2113 938 2175 diotae
962 2113 1111 2174 cantariae
1134 2117 1200 2173 tuae
1224 2112 1260 2173 in

107 2207 291 2291 ab(sencia)
313 2209 424 2272 debite
450 2209 549 2271 facias
573 2210 739 2287 deserviri,
762 2209 824 2272 tibi
847 2229 904 2291 pro
926 2214 1036 2270 nostro
1058 2206 1261 2288 beneplacito

109 2305 279 2367 dumtaxat
299 2306 468 2367 licenciam
487 2310 601 2368 tenore
618 2306 829 2387 praesencium
849 2304 1056 2367 concedimus
1077 2302 1260 2387 specialem,

108 2401 206 2463 etad
229 2399 298 2463 baec
319 2406 431 2462 tecum
454 2420 551 2482 super
569 2400 757 2482 juramento
779 2406 837 2462 tuo
859 2401 894 2462 in
917 2398 978 2462 hac
999 2406 1092 2482 parte
1114 2399 1261 2482 praestito
1304 2392 1306 2397 ’

107 2502 221 2559 tenore
242 2498 455 2579 praesencium
477 2501 637 2578 quantum
661 2498 696 2558 in
723 2497 815 2559 nobis
843 2502 894 2559 est
921 2497 1170 2558 misericorditer
1193 2495 1260 2557 dis-

107 2611 304 2674 pensamus;
326 2592 478 2654 nolumus
500 2598 611 2654 tamen
634 2592 720 2673 quod
743 2591 812 2654 baec
834 2612 973 2675 praesens
995 2597 1105 2654 nostra
1127 2591 1261 2654 licencia

106 2689 179 2751 aliis
192 2689 424 2751 successoribus
436 2690 555 2750 nostris
565 2687 713 2752 trahatur
723 2691 757 2751 in
767 2690 963 2772 exemplum,
976 2695 1025 2752 set
1034 2695 1108 2771 post
1119 2695 1259 2751 mortem

109 2789 201 2847 tuam
225 2785 311 2847 dicta
335 2785 496 2847 ordinacio
521 2785 556 2845 in
581 2785 732 2847 omnibus
763 2787 829 2848 suis
854 2786 1000 2847 art-inuiis
1029 2785 1260 2847 inviolabiliter

108 2880 318 2943 deservietur.

174 2977 214 3038 In
244 2977 337 3059 cujus
361 2978 407 3038 rei
433 2978 660 3040 testimonium
687 2978 831 3061 sigillum
858 2982 1005 3040 nostrum
1032 2977 1168 3039 fecimus
1194 2975 1257 3038 hiis

106 3073 235 3154 apponi.
280 3073 355 3135 Dat.
382 3074 417 3135 in
443 3074 588 3135 manerio
612 3079 721 3136 nostro
751 3074 838 3156 apud
867 3072 1011 3151 Cawode,
1036 3072 1176 3153 septima
1205 3073 1258 3134 die

107 3169 229 3229 mensis
249 3166 352 3244 Junii,
371 3168 465 3229 Anno
487 3168 619 3229 Domini
640 3167 815 3230 Millesimo
834 3173 922 3229 cccm⁰
944 3167 1032 3227 lum
1054 3166 1204 3246 septimo,
1223 3171 1258 3227 et

107 3269 225 3325 nostrae
240 3265 490 3326 consecracionis
506 3270 632 3346 quarto.

173 3455 365 3533 Alexander,
381 3461 443 3518 etc.
460 3456 580 3519 dilecto
602 3456 669 3518 filio
690 3457 844 3541 magistro
867 3456 888 3520 J
890 3453 1009 3518 ohanni
1025 3455 1065 3517 de
1081 3451 1256 3537 Tboresby,
1280 3462 1307 3522 (⁶
1319 3464 1352 3524 a)

106 3553 260 3614 canonico
283 3552 426 3614 ecclesiae
449 3559 566 3614 nostrae
589 3553 767 3637 collegiatae
790 3551 917 3635 Ripon',
939 3550 1088 3629 salutem,
1102 3552 1255 3635 graciam,
1278 3526 1407 3643 ffl'ylgw'

106 3652 141 3710 et
164 3648 438 3710 benediccionem.
483 3649 578 3709 Licet
600 3648 725 3711 dudum
751 3650 947 3710 auctoritate
969 3647 1136 3710 literarum
1163 3667 1255 3729 apos·
1278 3665 1404 3715 Rebecca

106 3743 277 3805 tolicarum
298 3744 339 3805 ad
357 3745 618 3824 prosecucionem
637 3744 767 3806 discreti
792 3745 851 3805 viri
872 3744 1020 3827 magistri
1042 3743 1191 3826 Hugonis
1214 3743 1254 3805 de
1276 3729 1387 3795 aquarn·

105 3841 226 3918 Arlam,
250 3840 363 3901 decani
392 3839 534 3901 ecclesiae
550 3838 727 3923 collegiatae
757 3838 889 3903 Cestriae
918 3840 953 3900 in
984 3839 1102 3916 Strata,
1132 3838 1255 3901 Dunel-
1277 3790 1427 3901 limidi·

104 3937 226 3998 mensis
244 3936 348 4012 dioec.,
365 3935 499 4012 fructus,
515 3935 673 4014 redditus,
688 3940 722 3997 et
736 3941 913 4017 proventus
934 3935 974 3996 ad
992 3933 1198 4017 praebendam
1213 3933 1254 3995 de
1272 3903 1427 4030 'issfflssw

106 4032 259 4114 Stodelay
279 4033 313 4093 in
337 4032 425 4094 dicta
448 4032 580 4094 ecclesia
602 4036 711 4094 nostra
733 4031 903 4114 collegiata
923 4029 1040 4113 Ripon'
1060 4035 1255 4113 spectantes,
1277 4021 1406 4137 3322?

105 4149 203 4209 quam
215 4129 366 4190 dominus
378 4127 400 4191 J
401 4124 544 4188 ohannes
556 4125 681 4189 Sleford
696 4127 851 4209 optinuit,
862 4131 896 4188 et
906 4127 1099 4208 possessioni
1108 4125 1255 4209 ejusdem
1277 4137 1376 4197 sypon’.

105 4224 230 4285 notorie
260 4222 482 4299 incumbebat,
513 4223 796 4304 sequestravimus,
826 4227 861 4284 et
891 4242 945 4284 vos
974 4221 1142 4284 custodem
1176 4222 1257 4284 dicti
1327 4238 1333 4245 ·

107 4320 265 4400 sequestri
279 4340 337 4401 per
351 4319 430 4380 dicti
446 4323 570 4380 nostras
592 4319 714 4381 tenoris
736 4318 846 4379 literas
866 4317 1151 4400 deputaverimus3
1174 4316 1256 4390 Quia

106 4420 216 4476 tamen
234 4435 291 4496 per
305 4414 384 4475 alias
399 4412 511 4475 literas
527 4413 716 4495 apostolicas
731 4418 766 4475 et
780 4433 945 4496 processus
957 4433 1053 4495 super
1068 4413 1115 4475 eis
1130 4418 1257 4473 secut-os
