2992 5010
263 289 437 344 mansos
461 289 561 343 raon
586 289 683 343 roan
708 289 920 358 merassas3
947 291 1078 345 novar.
1350 275 1423 348 143

93 458 129 521 in
153 455 445 521 exhaeredacionem
469 458 611 522 ecclesiae
633 463 751 522 nostrae
777 460 950 542 praedictae,
975 462 1141 543 nostrique
1164 483 1246 545 prae-
1265 428 1369 519 hutour

89 553 256 636 judicium
270 574 306 616 ac
317 554 442 637 jurium
453 559 488 616 et
496 556 739 638 privilegiorum
748 555 844 618 dictae
856 556 997 619 eoclesiae
1009 557 1244 620 detrimentum
1272 535 1378 586 amnt,

95 652 371 733 praesumpserint,
387 671 445 713 seu
467 648 656 733 hujusmodi
675 651 898 730 violacioncm,
914 652 1179 731 subtraocionem,
1194 674 1246 716 as-

94 747 324 830 portacionem‚
351 749 653 825 contrectacionem,
682 768 740 809 seu
765 747 1001 826 detenoionem,
1029 770 1086 811 suo
1113 751 1245 812 nomine
1271 776 1302 809 on
1313 762 1370 822 pain
1381 763 1408 808 or

96 842 197 904 iactas
212 847 298 903 ratas
314 840 489 904 habuerint
504 843 556 904 vel
570 847 729 925 acceptas,
744 842 877 925 majoris
901 845 1244 907 excommunicacionis
1271 824 1418 927 ξξξξῷζζῖ*

96 938 298 1000 sentenciam
328 938 492 1000 incurrere
521 939 593 1020 ipso
622 938 718 1000 facto.
775 939 818 1000 Et
847 958 1044 1021 quamquam
1080 942 1246 1022 praemissa
1271 939 1387 987 noanon.

97 1032 221 1094 fuerint
249 1039 286 1094 et
316 1033 383 1094 sint
412 1033 524 1115 patulo
546 1033 672 1115 judicio
697 1033 898 1117 singulorum
924 1037 1017 1117 quasi
1040 1036 1174 1098 auribus
1197 1036 1249 1097 in-

98 1127 234 1205 culcata,
249 1128 383 1209 quidam
399 1133 522 1206 tamen,
537 1149 675 1210 quorum
690 1128 731 1189 ad
747 1149 887 1210 praesens
910 1131 1043 1191 nomina
1057 1132 1248 1214 ignorantur

97 1224 217 1307 pariter
240 1230 275 1285 et
296 1245 453 1306 personae,
474 1225 818 1287 excommunicacionis
840 1222 1029 1306 hujusmodi
1048 1229 1247 1289 sentenciam

98 1339 164 1380 non
179 1325 338 1396 verentes,
355 1319 522 1381 libertates
534 1326 717 1381 nostrorum
732 1320 868 1381 dominii
885 1326 920 1382 et
933 1323 1070 1383 manerii
1082 1323 1122 1384 de
1132 1320 1249 1404 Ripon’

97 1415 251 1497 praedicta
267 1414 455 1498 intringere,
465 1435 502 1476 ac
514 1422 630 1497 praetcr
645 1421 680 1477 et
694 1420 806 1478 contra
814 1421 956 1477 nostram
968 1423 1066 1499 atque
1075 1419 1248 1480 custodum

100 1530 158 1591 per
181 1531 238 1572 nos
261 1510 490 1590 deputatorum
510 1512 723 1589 voluntatem,
738 1510 872 1587 rotulos,
888 1513 1017 1594 scripta,
1032 1515 1249 1589 munimenta,
1274 1529 1403 1586 Rouaeta

99 1612 135 1667 et
149 1606 341 1682 evidencias‚
354 1605 440 1687 jura,
455 1605 634 1684 libertates,
645 1610 744 1688 atque
759 1606 929 1689 privilegia
938 1608 1100 1669 dictorum
1113 1608 1249 1670 dominii
1273 1589 1404 1694 ffim

100 1706 136 1763 et
157 1702 293 1763 manerii
315 1702 356 1763 de
379 1701 495 1782 Ripon'
514 1702 743 1764 concemencia
764 1707 937 1783 asportare,
957 1702 1156 1782 subtrahere,
1172 1724 1249 1765 con·
1274 1720 1353 1766 my·

100 1802 249 1873 trectare,
264 1803 299 1859 et
314 1797 462 1859 detinere
485 1802 608 1860 temere
630 1804 917 1879 praesumpserunt,
941 1803 976 1859 et
997 1799 1103 1860 indies
1125 1805 1274 1883 temere,

101 1899 313 1976 praesumunt,
328 1914 365 1955 ac
381 1895 426 1955 sic
442 1894 618 1971 subtracta,
633 1900 807 1975 asportata,
823 1898 859 1955 et
873 1899 1083 1974 contrectata,
1098 1896 1250 1958 detinent

102 2011 269 2073 perperam
293 1997 328 2052 et
348 1992 472 2072 inique,
494 1991 529 2052 in
552 1992 733 2052 animarum
757 2011 889 2052 suarum
911 1991 1032 2073 grande
1055 1991 1249 2073 periculum,

100 2086 299 2165 libertatum,
325 2085 462 2167 jurium,
493 2106 529 2147 ac
562 2085 805 2168 privilegiorum
843 2086 1002 2147 dictorum
1038 2086 1176 2148 dominii
1215 2092 1250 2148 et

100 2183 237 2243 manerii
266 2181 500 2264 praejudicium,
525 2188 558 2243 et
588 2186 736 2242 nostrum
766 2186 993 2262 contemptum
1022 2187 1121 2263 atque
1152 2182 1248 2244 dictas

101 2278 244 2340 eoclesiae
265 2283 382 2339 nostrae
405 2276 627 2339 manifestum.
673 2277 829 2351 Quocirca
850 2276 941 2339 vobis
964 2281 998 2339 et
1020 2278 1157 2340 cuilibet
1176 2299 1251 2340 vcs-

100 2380 200 2449 trum,
219 2374 254 2434 in
270 2374 392 2435 virtute
416 2377 535 2434 sanctae
557 2372 752 2435 obedienciae
774 2372 911 2434 firmiter
932 2371 1135 2456 injungendo
1157 2393 1250 2434 man-

101 2469 215 2531 damus
239 2470 392 2550 quatinus
414 2470 585 2546 moneatis,
601 2473 635 2530 et
650 2468 790 2550 quilibet
812 2473 956 2529 vestrum
978 2474 1119 2546 moneat,
1137 2488 1250 2531 omnes

103 2569 136 2626 et
152 2564 295 2647 singulos
316 2561 503 2645 hujusmodi
525 2563 693 2626 libertates
715 2568 755 2625 ut
776 2564 988 2645 praemittitur
1009 2564 1169 2626 violantes
1193 2584 1251 2626 seu

102 2659 331 2742 infringentes,
346 2680 382 2720 ao
398 2664 514 2735 cartas,
533 2659 656 2736 literas,
678 2660 805 2739 scripta,
824 2659 1041 2737 munimenta,
1057 2660 1252 2736 evidencias,

104 2775 161 2817 seu
176 2755 298 2817 rotulos
318 2752 505 2837 hujusmodi
525 2752 763 2831 subtrahentes,
777 2759 989 2835 asportantes,
1003 2760 1251 2833 contrectantes,

103 2871 161 2912 seu
176 2851 372 2928 detinentes,
388 2851 473 2933 quod
488 2851 571 2912 infra
586 2851 771 2932 quindecim
783 2849 910 2911 dierum
920 2852 1064 2932 spacium
1075 2856 1251 2933 atempore
1276 2859 1384 2906 Muscas

103 2948 295 3008 monicionis
315 2952 431 3009 vestrae
454 2967 511 3009 seu
531 2952 676 3009 vestrum
700 2945 886 3027 cujuslibet,
904 2948 1058 3007 continue
1077 2966 1251 3007 numerari·
1275 2917 1412 3022 ffffif.

103 3043 194 3119 dum,
206 3063 225 3103 a
239 3042 428 3104 libertatum
444 3051 483 3104 ut
497 3044 709 3124 praemittitur
723 3041 900 3102 violacione
915 3037 1101 3122 hujusmodi
1118 3042 1251 3103 omnino
1276 3040 1329 3081 Μ
1340 3035 1419 3093 ᾱΨὶ

104 3140 273 3215 desistant,
299 3159 335 3198 ac
360 3139 603 3200 restitucionem
634 3142 807 3212 cartarum,
837 3134 1016 3212 literarum,
1048 3137 1252 3217 scriptorum,

103 3235 393 3310 munimentorum,
438 3233 629 3310 rotulorum,
667 3238 702 3295 et
738 3230 976 3294 evidcnoiarum
1015 3231 1252 3312 praemissorum

104 3331 234 3392 realiter
249 3329 370 3390 faciant
390 3329 578 3391 custodibus
596 3329 719 3391 ibidem
740 3332 774 3388 et
797 3326 957 3388 officiariis
975 3327 1094 3388 nostris
1115 3346 1173 3408 per
1195 3346 1253 3388 nos

104 3426 187 3487 inibi
209 3425 384 3506 deputatis.
429 3425 593 3506 Alioquin,
618 3424 707 3506 lapso
730 3423 891 3485 dictorum
916 3420 1101 3503 quindecim
1125 3422 1254 3484 dierum
1278 3433 1405 3481 stamus

107 3522 223 3605 spacio,
239 3520 425 3602 hujusmodi
435 3520 606 3583 violatores
621 3541 658 3581 ao
673 3524 845 3596 cartarum,
857 3517 1037 3593 literarum,
1048 3518 1254 3599 scriptorum,
1278 3494 1394 3599 ffigndm

106 3618 397 3693 munimentorum,
408 3616 657 3692 evidenoiarum,
674 3634 730 3676 seu
744 3613 925 3676 rotulorum
941 3617 1165 3695 asportatores,
1178 3613 1254 3676 sub·
1279 3625 1319 3658 ars
1329 3618 1354 3657 ω
1365 3611 1395 3657 ¹³0

105 3718 273 3790 tractores,
287 3717 549 3790 contrectatores,
566 3732 623 3773 seu
639 3712 835 3788 detentores,
855 3729 968 3771 omnes
990 3714 1025 3771 et
1048 3708 1202 3792 singulos,
1214 3710 1254 3787 jn
1279 3683 1416 3776 malind

107 3809 244 3892 singulis
271 3808 414 3869 ecclesiis
438 3812 472 3870 et
495 3806 628 3890 capellis
651 3826 708 3887 per
729 3811 838 3868 totum
853 3805 1046 3866 decanatum
1061 3806 1254 3886 praediotum

106 3907 294 3982 existenteS,
309 3903 424 3966 diebus
434 3905 611 3982 Dominicis
628 3908 662 3965 et
676 3902 813 3979 festivis,
829 3902 914 3963 intra
930 3901 1100 3962 missarum
1117 3901 1256 3982 solemp-

108 4003 172 4079 nia,
191 4001 270 4062 dum
291 3999 394 4082 major
414 3999 546 4062 affuerit
567 3998 679 4081 populi
700 3997 881 4060 multitudo
903 3997 939 4057 in
961 3995 1093 4073 eisdem,
1117 3996 1255 4078 pulsatis

108 4099 283 4179 campanis,
309 4097 452 4158 accensis
476 4095 618 4158 candelis
648 4100 682 4157 et
712 4094 876 4170 extinctis,
900 4111 1058 4174 cruceque
1085 4096 1192 4153 erecta
1218 4095 1258 4153 ut

108 4194 207 4256 moris
237 4199 298 4269 est,
328 4212 365 4253 ac
394 4192 466 4253 ahie
496 4189 780 4273 solempnitatibus
810 4187 975 4250 consuetis
1004 4186 1039 4247 in
1070 4184 1258 4268 hujusmodi

109 4290 296 4365 observatis,
311 4289 603 4350 excommunicatos
627 4286 727 4348 fuisse
742 4289 776 4348 et
792 4304 861 4346 esse
878 4282 1018 4364 puplice,
1036 4282 1259 4364 solempniter,

111 4393 145 4449 et
175 4387 210 4447 in
240 4404 360 4468 genere
390 4383 595 4445 denuncietis
625 4387 659 4445 et
689 4381 866 4444 denunciet
892 4377 1031 4460 quilibet
1060 4382 1259 4455 vestrum,a
