2992 5010
215 312 389 366 rrraacrs
414 310 513 363 raon
540 309 636 362 vona
663 309 875 376 onerariam
901 311 1054 364 aaaron
1309 290 1381 363 109

278 630 526 685 ARGHBISHOP
550 629 732 685 MELTON'S
756 630 969 687 ararum!

257 756 362 827 (Duco.
375 757 453 812 Mor.
466 759 559 811 Arca.
572 772 632 810 arn
643 757 722 811 Hrsr.
736 758 820 811 (iona
832 757 886 811 On.
899 757 1016 828 Rrrorv.)

124 888 165 950 111
180 888 242 949 Dei
257 888 410 964 Nomine,
425 888 539 949 Amen.
585 888 679 949 Licet
700 888 836 969 antiqua
859 893 1044 949 sanctorum
1070 887 1208 951 Petrum
1233 884 1377 992 {mm-2

57 982 236 1046 decreverit
256 983 443 1059 auctoritas,
464 981 561 1063 quod,
579 983 636 1063 qui
659 981 782 1044 clavem
804 987 937 1066 gestant
958 984 994 1044 in
1017 983 1113 1046 domo
1135 984 1208 1062 Dei,
1233 958 1344 1049 allata
1377 976 1384 991 ’

57 1084 150 1142 extra
164 1078 366 1140 mansionem
381 1077 490 1160 vagari
505 1097 569 1138 non
585 1076 717 1156 debent,
734 1078 790 1139 sed
804 1078 910 1159 parati
924 1079 961 1139 in
977 1079 1118 1142 stacione
1134 1099 1210 1142 con·
1237 1084 1364 1188 gaugeio

56 1175 163 1250 tinua,
186 1177 339 1235 vocantes
368 1177 403 1235 et
432 1192 498 1234 non
520 1178 683 1249 vocantes,
709 1173 775 1235 suis
801 1172 1090 1252 exhortationibus,
1117 1177 1209 1257 quasi
1237 1158 1364 1260 chiffl,

57 1274 202 1352 pastores
226 1269 354 1345 soliciti,
377 1269 418 1330 ad
442 1288 476 1329 se
498 1267 620 1330 debent
638 1264 777 1344 trahere,
799 1289 857 1350 per
881 1270 1129 1332 elemosinarum
1147 1270 1210 1333 lar-
1238 1258 1329 1319 W·

57 1364 202 1448 gicioues
240 1384 423 1446 pauperum
459 1363 711 1425 necessitatibus
742 1362 922 1442 subvenire,
951 1363 1210 1448 hospitalitatem
1235 1342 1366 1447 {ww

58 1468 182 1536 tenere,
206 1466 241 1522 et
264 1459 329 1521 alia
353 1479 448 1540 opera
470 1459 617 1540 pietatis,
640 1459 725 1520 sicut
751 1458 982 1522 ecclesiasticos
1002 1461 1096 1524 decet
1117 1462 1211 1540 viros,
1233 1459 1337 1565 32¹3ss

60 1575 224 1618 excercere
247 1554 510 1630 misericorditer,
533 1553 677 1616 infirmos
693 1554 835 1632 visitare,
849 1559 884 1616 et
906 1557 1029 1637 pecoris
1051 1557 1102 1619 sui
1118 1557 1212 1637 spiri·
1312 1520 1387 1577 pm

59 1649 170 1728 tualis,
185 1648 278 1731 cujus
294 1649 422 1711 vultum
445 1654 601 1711 tenentur
623 1668 806 1732 agnoscere,
822 1649 921 1712 saluti
943 1653 1109 1715 consulere
1131 1671 1211 1733 quo·

60 1747 149 1808 ciens
165 1744 329 1828 indigebit
343 1744 477 1806 consilio
493 1745 637 1807 salutari.

128 1840 213 1903 Sane
242 1861 300 1901 nos
330 1838 527 1917 Willelmus,
550 1840 761 1920 permissione
785 1839 903 1902 Divina
928 1845 1002 1918 etc,
1025 1841 1149 1904 dudum
1174 1842 1211 1904 in
1235 1847 1352 1895 vvenm
1431 1835 1435 1839 ’

62 1936 199 1999 ecclesia
221 1941 331 1997 nostra
353 1934 527 2017 collegiata
550 1934 673 2015 Rypon'
697 1935 897 1997 visitacionis
911 1940 1029 1999 nostrae
1044 1937 1211 1999 ordinariae
1234 1907 1387 2024 Qssff

60 2032 213 2110 officium,
238 2031 322 2092 sicut
351 2030 392 2091 ad
419 2049 478 2091 nos
500 2031 671 2109 pertinuit,
696 2035 893 2107 exercentes,
915 2031 1019 2112 ipsam
1043 2032 1211 2094 ecclesiam
1236 2023 1323 2082 ΒΜ·

61 2132 207 2188 nostram
243 2127 405 2188 canonicis
443 2124 671 2201 residentibus,
707 2126 904 2203 invenimus,
941 2127 1027 2208 quod
1064 2127 1213 2189 dolenter

61 2219 243 2298 referimus,
275 2223 368 2303 quasi
404 2222 538 2302 penitus
574 2220 764 2298 desolatam,
801 2241 997 2303 quamquam
1034 2241 1110 2285 cura
1146 2240 1213 2283 non

63 2316 189 2378 modica
211 2317 335 2379 ibidem
356 2318 529 2379 immineat
543 2317 738 2394 animarum,
754 2317 884 2399 sintque
899 2318 983 2380 inibi
997 2337 1060 2380 non
1077 2317 1213 2380 modicae

64 2412 292 2474 aestimacionis
318 2419 504 2494 proventus,
520 2432 600 2494 quos
624 2412 765 2493 eripiant
786 2414 932 2475 canonici
956 2418 1139 2498 evagantes,
1154 2413 1213 2497 qui

63 2508 175 2588 pocius
197 2508 336 2569 debeant
358 2506 576 2570 residentibus
591 2508 787 2571 ministrari:
809 2513 942 2590 propter
964 2510 1060 2591 quod,
1075 2510 1116 2571 de
1137 2530 1214 2572 con-

64 2603 137 2664 silio
152 2604 341 2684 peritorum,
357 2608 392 2664 et
414 2604 455 2665 de
470 2623 629 2664 consensu
652 2623 800 2685 expresso
822 2605 1052 2688 magistrorum
1077 2604 1213 2667 Roberti

63 2699 104 2761 de
130 2697 279 2777 Baldok,²
303 2698 437 2760 Roberti
462 2698 503 2759 de
527 2698 782 2781 Bridelington,³
805 2699 901 2763 dictae
927 2701 1069 2763 ecclesiae
1094 2706 1214 2763 nostras

65 2795 291 2855 canonicorum
321 2799 355 2855 et
385 2792 689 2874 praebendariorum,
711 2813 820 2856 coram
845 2795 939 2857 nobis
964 2796 1215 2877 praesencialiter

64 2891 328 2964 constitutorum,
344 2893 378 2950 et
392 2887 529 2949 aliorum
544 2887 647 2968 ipsius
666 2888 808 2951 ecclesiae
828 2891 1053 2952 canonicorum
1067 2892 1214 2952 omnium
1239 2901 1360 2950 Convoca-

64 2991 99 3047 et
115 2985 327 3067 singulorum,
342 2983 382 3044 ad
398 2983 602 3065 infrascripta
622 2983 831 3066 solempniter
845 2990 1101 3064 convocatorum,
1125 3031 1134 3051 .
1158 3032 1167 3050 .
1191 2988 1213 3050 ‚⁴
1239 2962 1386 3078 {iffffilhl

64 3085 307 3161 procuratorum
322 3083 520 3159 potestatem
535 3080 570 3139 in
586 3077 645 3140 hac
659 3085 752 3161 parte
769 3079 983 3142 sufficientem
997 3086 1108 3144 nostra
1116 3102 1213 3163 repu-
1237 3078 1318 3125 ¹¹⁰³*-

65 3176 193 3238 tacione
215 3175 449 3256 optinencium,
464 3175 499 3235 in
522 3174 617 3235 domo
632 3174 801 3255 capitulari
816 3175 918 3254 ipsius
933 3174 1073 3237 ecclesiae
1087 3182 1216 3254 nostrae,

65 3273 228 3354 praemissa
251 3271 492 3349 convocacione,
513 3270 734 3351 solempnique
756 3268 868 3332 habito
890 3275 1042 3349 tractatu,
1058 3277 1093 3333 et
1111 3273 1216 3334 causis

66 3368 235 3448 praesentis
258 3367 473 3428 ordinacionis
488 3372 605 3427 nostrae
620 3365 716 3426 tactis
740 3370 775 3426 et
788 3365 830 3427 ad
853 3365 986 3446 plenum
1001 3366 1165 3445 discussis,
1180 3373 1216 3430 et

67 3481 125 3541 per
139 3481 196 3521 nos
211 3460 378 3543 legitime⁵
394 3459 589 3542 approbatis,
605 3459 695 3521 etde
718 3478 878 3522 consensu
892 3461 1039 3522 omnium
1055 3466 1090 3524 et
1104 3462 1216 3547 singu.

124 3611 167 3679 (1)
187 3609 332 3664 Oorrectcd
357 3610 411 3663 and
434 3610 584 3682 compieted
608 3609 679 3664 from
701 3611 749 3665 the
772 3609 888 3682 original
908 3610 1043 3682 Register.
1091 3612 1217 3684 Dugdale

68 3690 175 3761 printed
188 3689 211 3742 it
223 3688 294 3741 from
306 3688 367 3743 Pet.
377 3690 403 3756 6,
413 3689 492 3743 Edw.
501 3689 554 3743 111.
567 3694 630 3760 part
640 3689 688 3756 iii,
700 3690 810 3744 membr.
823 3691 849 3759 2,
862 3691 951 3746 where
962 3690 986 3745 it
997 3690 1020 3745 is
1035 3691 1172 3748 recitedin
1180 3710 1216 3747 an

70 3768 246 3837 Inaperr'mur.

125 3846 168 3914 (2)
187 3845 239 3897 Mr.
253 3843 323 3896 Rob.
337 3843 467 3911 Baldoclr,
479 3849 568 3898 rector
580 3843 613 3897 or*
626 3843 770 3913 Bradford,
783 3845 837 3900 had
855 3845 956 3902 licence
967 3845 999 3900 of
1013 3845 1217 3903 non-resideres

70 3923 144 3995 Sept.
158 3923 202 3990 24,
216 3923 294 3975 1330.
331 3922 397 3989 Rey.
411 3922 521 3975 Metron.
537 3921 616 3975 Facta·
626 3922 706 3977 Ebor.
720 3924 782 3976 420.

123 4002 166 4070 (3)
186 4000 297 4054 Privata
309 3998 435 4070 chaplain
447 3999 500 4052 and
512 3999 649 4053 seneschal
660 3999 691 4053 of
700 3999 746 4053 the
758 3999 929 4072 archbishop,
940 4017 1028 4055 canon
1040 4001 1072 4056 of
1080 4001 1217 4058 Nunwiclr

69 4087 99 4134 at
119 4079 218 4149 Ripon,
230 4077 412 4146 Woodburgh
430 4084 460 4130 at
481 4075 642 4145 Southwell,
661 4077 715 4132 and
735 4077 823 4132 South
845 4078 978 4134 Newbald
999 4085 1029 4134 at
1046 4080 1130 4137 Yorlr.
1168 4081 1219 4136 See
1271 4082 1276 4091 “

70 4158 177 4210 further
190 4156 218 4208 in
232 4156 311 4209 Fusci
323 4156 403 4208 Ebor.
417 4154 467 4209 431
482 4171 508 4208 n.

125 4234 167 4303 (4)
185 4232 256 4286 Hali
266 4249 282 4286 a
294 4233 348 4286 line
359 4233 422 4286 here
433 4231 483 4286 left
495 4238 595 4287 vacant
606 4232 635 4286 in
646 4232 716 4300 MS,
728 4232 770 4287 for
780 4250 872 4288 names
884 4233 915 4287 of
924 4240 1054 4306 proctors.

72 4390 91 4442 d
126 4313 173 4443 {pp
190 4310 226 4441 lSo
245 4310 274 4365 in
294 4311 419 4381 Dugdale
439 4311 490 4366 but
508 4316 558 4367 not
576 4310 605 4369 in
617 4310 747 4382 Mauo
764 4311 874 4384 reading
893 4312 925 4369 oi
942 4312 1033 4370 which
1051 4313 1220 4370 howeverir

92 4407 126 4442 ou
171 4407 208 4442 11.
