2992 5010
626 342 834 395 nauculam
858 341 903 394 OF
929 342 1048 394 alnou.

267 529 366 594 qnam
381 510 624 593 temporalibus,
639 511 789 574 dotatum
804 511 927 588 extitit,
948 515 982 572 et
996 531 1054 592 per
1071 479 1169 592 quem
1193 513 1262 594 regi
1285 512 1413 591 debeat,

267 612 304 670 et
324 604 481 669 haetenus
503 607 573 690 regi
595 607 772 684 consuevit,
798 627 840 668 an
866 606 1017 668 videlicet
1039 627 1097 688 per
1119 605 1270 668 clericum
1293 628 1335 670 an
1356 629 1414 689 per

266 699 397 780 laicum,
412 708 448 764 et
462 702 602 785 qualiter
616 708 650 765 et
665 723 729 783 quo
744 702 849 765 modo.
895 702 994 764 Vobis
1008 703 1199 763 mandamus
1215 703 1310 784 quod,
1326 723 1413 764 scru-

266 798 346 859 tatis
368 800 583 861 munimentis
597 799 762 880 praemissa
776 797 989 881 tangentibus
1013 799 1039 859 si
1062 818 1134 878 quae
1156 799 1191 859 in
1214 796 1415 860 thesauraria

266 898 374 955 vestra
389 894 438 956 vel
455 894 534 956 alibi
549 893 609 956 sub
623 893 770 955 custodia
784 900 891 955 vestra
906 893 1058 969 existant,
1074 914 1132 955 nos
1148 894 1222 955 inde
1235 893 1295 955 sub
1307 894 1414 977 sigillo

266 990 402 1072 capituli
426 992 525 1053 vestri
551 992 585 1052 in
609 989 801 1052 cancellaria
828 994 939 1051 nostra
967 990 1121 1052 distincte
1148 996 1183 1052 et
1208 996 1318 1073 aperte
1344 993 1413 1053 sine

267 1086 424 1149 dilacione
439 1086 580 1150 reddatis
595 1088 758 1163 certiores,
772 1085 833 1148 hoc
848 1086 943 1149 breve
957 1087 1050 1149 nobis
1065 1089 1280 1150 remittentes.

93 1189 162 1241 west
334 1186 375 1219 ‘“
387 1187 397 1220 ‘
407 1183 504 1245 Teste
519 1183 657 1265 meipso
676 1183 762 1264 apud
782 1181 1107 1244 westmonasterium
1123 1184 1221 1244 tercio
1244 1184 1297 1244 die
1320 1183 1412 1261 Maii,

92 1254 212 1416 {¹3:331
267 1298 353 1341 anno
363 1279 455 1400 regpi
464 1280 565 1341 nostri
574 1279 701 1363 Angliae
711 1279 962 1362 quintodecimo,
971 1279 1064 1362 regni
1073 1299 1148 1341 vero
1157 1279 1257 1340 nostri
1269 1279 1413 1341 Francise

92 1380 144 1417 Μ»
213 1404 221 1418 ·
268 1373 418 1436 secundo.

91 1476 244 1525 'l'to‘dun’
335 1472 376 1504 ‘⁶‘
386 1468 540 1543 Quocirca
565 1469 628 1531 tibi
657 1468 795 1531 firmiter
821 1467 1021 1553 injungendo
1045 1468 1235 1531 mandamus
1259 1469 1413 1551 quatinus

91 1534 245 1642 ἓξὲξ,
269 1583 365 1647 super
386 1565 558 1647 praemissis
580 1564 730 1627 omnibus
751 1569 785 1627 et
807 1564 944 1649 singulis
966 1585 1041 1627 cum
1064 1567 1152 1627 omni
1174 1564 1349 1648 diligencia
1362 1566 1413 1626 in-

93 1652 198 1715 mqury.
267 1662 393 1744 quirere
415 1680 481 1722 non
503 1661 646 1723 omittas.
702 1660 746 1722 Et
768 1660 923 1744 quicquid
945 1661 1021 1723 inde
1043 1661 1205 1723 inveneris
1235 1667 1270 1723 et
1299 1660 1412 1722 feceris

266 1756 360 1819 nobis
379 1762 526 1819 constare
540 1756 683 1839 plenarie
698 1755 796 1818 facias
810 1762 956 1839 tempore
971 1761 1129 1839 oportuno
1143 1777 1201 1839 per
1215 1762 1289 1818 tuas
1304 1756 1412 1818 literas

266 1856 416 1937 patentes
442 1856 477 1914 et
502 1852 625 1915 clausas
648 1850 765 1913 harum
795 1852 911 1914 seriem
941 1853 1157 1915 continentes.
1201 1851 1292 1914 Vale.
1337 1851 1412 1913 Dat.

92 1963 200 2085 ma,
267 1948 464 2128 {prriqqioE’pon
479 1947 530 2033 iij⁰
545 1949 624 2012 Idus
644 1948 738 2027 Maii,
759 1948 853 2011 Anno
871 1947 1003 2011 Domini
1018 1948 1156 2012 M⁰ccc¹¹²⁰
1170 1950 1412 2033 quadragesimo

92 2096 146 2132 an.
157 2086 223 2131 1⁸41.
374 2093 382 2110 ·

92 2166 228 2228 nascaq>
335 2146 376 2179 “‘
386 2141 574 2225 Capitulum
590 2143 731 2206 ecclesiae
747 2143 839 2205 Beati
860 2144 951 2206 Petri
970 2143 1076 2222 Ebur,
1092 2144 1214 2206 decano
1230 2147 1319 2205 extra
1340 2163 1411 2224 pro-

92 2226 243 2332 ffiffl’ff}
268 2238 406 2301 vinciam
421 2244 550 2322 agente,
566 2236 828 2320 archiepiscopali
851 2238 997 2319 ejusdem
1020 2239 1162 2300 eeclesiae
1178 2238 1253 2300 sede
1269 2243 1412 2314 vacante,

93 2344 221 2391 ‘dumos
268 2333 388 2396 decano
411 2339 520 2396 nostro
542 2331 669 2416 Ripon'‚
693 2332 843 2395 salutem.
886 2334 989 2395 Breve
1015 2334 1143 2417 regium
1167 2334 1347 2415 recepimus
1377 2334 1413 2394 in

94 2401 180 2465 arpen.
267 2425 336 2491 haec
351 2427 449 2489 verba
459 2451 513 2490 :—

93 2537 188 2587 alctnr
334 2525 375 2560 “‘
386 2527 395 2560 ‘
405 2522 589 2598 Edwardus‚
600 2522 662 2584 Dei
676 2523 784 2605 gracia
799 2523 989 2606 rexAngliae
1005 2528 1040 2585 et
1054 2523 1198 2584 Franciae
1214 2528 1249 2583 et
1263 2522 1412 2584 dominus

92 2598 161 2705 ᾖξ’,
172 2655 221 2705 111.
268 2618 444 2695 Hiberniae,
460 2617 586 2679 custodi
601 2615 901 2699 Archiepiscopatus
912 2617 1007 2680 Ebor.
1019 2617 1094 2679 sede
1106 2622 1249 2695 vacante,
1262 2617 1411 2679 salutem.

90 2715 198 2765 ”ssm-
268 2714 351 2788 Quia
365 2733 423 2795 pro
437 2712 629 2794 quibusdam
640 2711 716 2795 jura
730 2732 852 2775 eoronae
867 2719 983 2775 nostrae
998 2713 1181 2794 specialiter
1201 2714 1412 2796 tangentibus

267 2809 430 2872 certiorari
451 2807 598 2869 volumus
614 2809 640 2869 si
656 2808 772 2890 aliquae
793 2808 926 2870 decimae
941 2829 999 2871 seu
1013 2809 1085 2871 aliae
1099 2829 1149 2870 res
1166 2807 1347 2889 spirituales
1370 2809 1410 2870 ad

266 2902 427 2987 hospitale
451 2904 561 2967 Sancti
584 2902 742 2967 Johannis
772 2904 813 2968 de
836 2902 953 2987 Ripcn’
978 2905 1165 2986 pertineant
1188 2924 1303 2981 necne,
1330 2909 1364 2965 et
1384 2905 1412 2965 si

266 3002 322 3080 sic,
337 3006 417 3064 tunc
432 3021 504 3082 quae
522 3000 654 3063 decimae
669 3006 705 3062 et
719 3020 791 3082 quae
805 3020 856 3063 res
872 3001 1057 3083 spirituales
1080 3006 1115 3063 et
1136 2999 1193 3062 ubi
1217 3005 1251 3063 et
1272 2999 1412 3081 qualiter

266 3102 302 3160 et
324 3119 388 3180 quo
411 3097 517 3172 modo,
541 3097 630 3158 vobis
654 3097 844 3159 mandamus
870 3097 967 3180 quod,
989 3094 1101 3159 habita
1120 3117 1216 3178 super
1238 3096 1411 3177 premissis

265 3193 495 3256 informacione
511 3192 658 3274 pleniori,
674 3213 732 3254 nos
746 3192 787 3255 de
803 3213 841 3255 eo
856 3193 942 3274 quod
957 3193 1148 3255 inveneritis
1167 3194 1204 3254 in
1223 3191 1413 3253 cancellaria

265 3296 373 3352 nostra
397 3288 456 3351 snb
478 3289 585 3372 sigillo
608 3294 714 3350 vestro
739 3288 822 3351 bene
847 3289 1004 3351 distincte
1031 3294 1065 3350 et
1089 3294 1200 3371 aperte
1223 3308 1298 3349 cum
1322 3287 1412 3348 omni

265 3385 430 3447 celeritate
445 3384 587 3445 reddatis
603 3385 765 3461 certiores,
780 3381 841 3445 hoc
856 3383 951 3446 breve
966 3382 1057 3446 nobis
1072 3385 1289 3446 remittentes.

333 3484 373 3516 “⁶
386 3481 502 3541 ‘Teste
524 3480 648 3561 meipso
670 3479 755 3560 apud
778 3479 1112 3557 Westmonasterium,
1128 3480 1228 3541 tercio
1249 3478 1302 3540 die
1317 3478 1412 3557 Maii,

265 3593 350 3636 anno
359 3574 451 3656 regni
462 3575 564 3633 nostri
575 3573 700 3654 Angliae
710 3581 775 3650 xv⁰‚
786 3574 879 3656 regni
891 3594 966 3635 vero
978 3576 1079 3636 nostri
1091 3575 1234 3636 Franeiae
1247 3573 1410 3635 secundo!

333 3673 372 3704 “‘
384 3668 536 3741 Quocirca
558 3668 619 3729 tibi
643 3667 779 3729 firmiter
801 3668 1003 3751 injungendo
1026 3670 1228 3746 mandamus,
1252 3671 1408 3751 quatinus

264 3785 323 3846 per
331 3765 414 3826 viros
426 3762 605 3845 fidedignos
617 3763 657 3824 de
669 3763 746 3823 villa
757 3763 872 3844 Ripon’
881 3769 915 3825 et
927 3765 1004 3826 locis
1016 3766 1143 3843 vicinis,
1147 3764 1274 3847 juratos
1285 3770 1320 3825 et
1332 3765 1407 3826 dili-

264 3864 380 3942 genter
399 3859 606 3934 examinatos,
622 3858 859 3939 praemissorum
875 3856 1031 3922 habentes
1047 3861 1202 3921 noticiam
1218 3859 1410 3941 pleniorem,

265 3954 356 4016 bonae
379 3953 482 4030 famae,
498 3973 563 4014 non
581 3957 756 4035 suspectos,
773 3974 869 4035 super
886 3956 1059 4036 praemissis
1077 3956 1253 4040 diligenter
1267 3956 1410 4036 inquiras

264 4070 322 4130 per
351 4051 459 4112 omnia
489 4050 671 4110 veritatem.
717 4050 761 4109 Et
790 4069 848 4112 nos
878 4050 919 4113 de
949 4053 1037 4113 omni
1063 4071 1100 4113 eo
1124 4050 1209 4132 quod
1236 4049 1348 4111 feceris
1375 4057 1410 4112 et

264 4144 426 4207 inveneris
448 4145 482 4205 in
504 4144 676 4227 praemissis
697 4148 731 4205 et
746 4145 829 4206 circa
847 4164 895 4222 ea,
910 4146 1003 4227 plene
1023 4151 1057 4209 et
1072 4146 1226 4207 distincte
1242 4145 1409 4223 certifices,

264 4242 398 4324 negocio
421 4242 570 4324 expedito
593 4261 650 4322 per
672 4240 783 4303 literas
802 4246 877 4303 tuas
897 4248 1048 4323 patentes
1066 4240 1182 4304 harum
1201 4242 1315 4302 seriem
1334 4261 1409 4303 con-

262 4336 419 4399 tinentes.
442 4337 532 4400 Vale.
564 4336 639 4398 Dat.
651 4336 746 4400 Ebor.
758 4342 791 4396 v⁰
801 4336 879 4400 Idus
889 4337 980 4415 Maii,
993 4339 1086 4400 Anno
1096 4337 1226 4399 Domini
1236 4337 1409 4398 millesimo

263 4437 352 4492 cccmo
367 4433 610 4516 quadragesimo
625 4431 760 4515 prim0.''
