2992 5010
217 361 391 414 asraacrs
416 362 514 416 raon
540 363 636 416 roau
661 363 872 428 ancrsmus3
912 362 1122 416 cosnarnon.
1296 411 1307 428 ‚
1365 326 1417 418 45

90 537 234 616 quatuor
248 530 326 592 anni
341 533 498 594 terminos
514 531 745 615 infrascriptos,
756 552 813 613 per
828 536 935 614 partes
951 532 1090 614 aequales
1105 548 1243 612 quorum
1267 523 1419 631 gfff*

93 631 219 712 primus
234 627 395 688 terminus
411 628 455 688 sit
475 629 600 710 primus
623 628 693 690 dies
708 629 829 689 mensis
845 629 1003 704 Januarii‚
1018 629 1112 688 Anno
1127 627 1242 710 graciae

93 726 213 786 M⁰ccc⁰
228 723 341 797 tercio,
356 723 390 783 in
412 743 475 804 quo
502 723 624 785 solucio
646 724 765 808 viginti
788 723 963 785 solidorum
978 723 1035 784 fiat
1057 744 1115 804 pro
1137 721 1242 783 tribus

92 819 263 881 mensibus
300 818 357 899 qui
394 818 584 881 immediate
622 819 747 881 dictum
784 820 963 881 terminum
1000 822 1243 901 praecesserunt.

95 914 266 978 Secundus
296 913 457 975 terminus
488 916 532 976 sit
555 916 679 997 primus
709 915 778 976 dies
807 915 930 976 mensis
959 914 1090 997 Aprilis,
1115 914 1150 975 in
1180 933 1244 994 quo

95 1010 249 1074 similiter
279 1009 397 1091 viginti
428 1008 522 1072 solidi
548 1010 610 1072 sibi
635 1010 812 1072 solvantur.
857 1011 988 1071 Tercius
1015 1010 1174 1072 terminus
1201 1009 1245 1069 sit

94 1107 221 1189 primus
236 1105 306 1166 dies
330 1105 451 1166 mensis
475 1106 569 1183 Julii,
584 1107 619 1167 in
643 1126 707 1187 quo
732 1106 792 1167 sibi
816 1106 983 1167 solvantur
1009 1106 1127 1188 viginti
1151 1104 1245 1166 solidi

96 1203 181 1264 sicut
212 1201 313 1282 prius.
369 1201 414 1261 Et
443 1207 579 1282 quartus
610 1201 769 1262 terminus
800 1201 843 1262 sit
873 1202 996 1282 primus
1025 1201 1094 1262 dies
1124 1200 1245 1261 mensis

96 1297 256 1373 Octobris,
271 1297 306 1356 in
321 1315 386 1376 quo
401 1296 463 1358 sibi
484 1296 627 1358 solvatur
650 1297 817 1358 residuum
840 1318 894 1358 sex
917 1317 1105 1358 marcarum.
1151 1297 1194 1357 Et
1218 1296 1244 1357 si

95 1394 269 1476 contingat
305 1391 391 1472 quod
427 1392 587 1474 incipiant
616 1393 780 1473 percipere
810 1392 961 1453 salarium
992 1413 1088 1453 suum
1118 1392 1152 1453 in
1182 1392 1246 1453 alio

95 1490 240 1552 termino
254 1508 353 1569 quam
364 1486 433 1570 jam
450 1490 493 1550 sit
507 1488 708 1570 praedictum,
720 1489 1016 1549 consimiliscursus
1031 1489 1066 1549 in
1082 1489 1247 1570 sequenti-

96 1586 158 1648 bus
183 1584 335 1646 terminis
358 1590 393 1645 et
414 1604 580 1666 processus
603 1594 758 1645 servetur.
804 1585 847 1645 Et
869 1585 945 1666 quia
968 1585 1077 1646 vicarii
1101 1584 1247 1665 praedicti

98 1701 164 1743 non
194 1684 352 1762 poterunt
380 1680 548 1742 commode
578 1699 660 1742 onus
691 1679 738 1741 eis
775 1679 961 1762 injunctum
991 1680 1146 1762 implere3
1184 1680 1247 1740 nisi

99 1777 252 1838 salarium
276 1796 371 1837 suum
399 1776 446 1837 eis
472 1781 623 1858 prompte
650 1780 684 1837 et
707 1775 852 1857 plenarie
881 1777 1031 1837 terminis
1057 1775 1248 1857 supradictis

101 1872 255 1948 solvatur,
271 1873 447 1933 statuimus
470 1878 508 1933 ut
534 1872 612 1933 siin
635 1892 828 1953 quocunque
851 1873 1012 1933 dictorum
1033 1873 1247 1933 terminorum

99 1968 183 2030 infra
206 1973 280 2029 octo
304 1968 372 2029 dies
399 1972 572 2050 sequentes
585 1963 702 2050 >porcio
725 1967 836 2029 debita
858 1988 922 2028 non
949 1967 1048 2029 fuerit
1073 1968 1248 2049 persoluta,
1273 1968 1390 2040 reverto

100 2064 185 2126 bona
207 2064 333 2125 domini
359 2065 410 2126 sui
445 2063 656 2146 praebendarii
691 2064 757 2125 sive
781 2064 926 2125 canonici
960 2063 1001 2124 ad
1027 2062 1248 2144 cujuscunque
1272 2028 1418 2147 ssiffnillif‘

101 2180 219 2221 manus
241 2159 434 2221 devenerint
449 2165 703 2241 sequestrentur,
719 2165 754 2221 et
775 2179 834 2241 per
858 2205 866 2221 .
890 2204 899 2221 .
923 2159 1103 2240 capitulum
1126 2158 1178 2221 vel
1194 2179 1251 2240 per

103 2300 111 2317 .
136 2300 144 2317 .
166 2260 327 2316 rectorem
357 2253 457 2330 chori,
489 2255 612 2316 scilicet
638 2255 828 2316 canonicum
859 2254 1038 2335 praebendae
1068 2256 1108 2316 de
1133 2255 1251 2337 Stayn-

102 2371 241 2433 weggeS,
256 2351 364 2432 porcio
379 2351 489 2412 vicarii
504 2352 545 2413 de
567 2350 661 2412 bouis
685 2351 808 2412 eisdem
831 2350 966 2412 levetur.
1013 2351 1104 2425 Quod
1120 2352 1171 2413 vel
1193 2351 1251 2433 qui

102 2466 215 2507 omnes
246 2447 504 2509 contradicentes
526 2466 660 2508 censura
683 2446 839 2528 percellat
862 2447 1077 2509 ecclesiastica
1099 2454 1133 2509 et
1163 2468 1250 2509 com-

103 2545 225 2623 pescat.
271 2541 315 2601 Et
331 2543 359 2602 si
374 2544 543 2625 contingat
565 2543 707 2623 aliquem
730 2542 921 2602 vicariorum
944 2544 979 2604 in
1002 2544 1136 2605 servicio
1150 2543 1251 2604 eccle-
1275 2542 1426 2613 Irmyviqsr

105 2638 160 2698 siae
183 2636 236 2697 vel
251 2637 286 2697 in
302 2657 381 2698 cura·
393 2637 454 2699 sibi
469 2637 638 2698 commissa
651 2637 875 2720 necgligenter
889 2657 984 2720 agere
1009 2683 1017 2700 .
1041 2684 1049 2700 .
1073 2638 1251 2720 capitulum
1275 2602 1416 2718 iiilfflli

104 2731 154 2793 vel
191 2737 298 2793 rector
334 2731 424 2793 chori
459 2730 647 2814 hujusmodi
677 2733 832 2793 vicarium
869 2752 973 2794 unum
1003 2734 1055 2795 vel
1084 2734 1192 2816 plures
1224 2735 1250 2796 si
1275 2720 1393 2836 ssffihed

104 2828 233 2888 inventi
248 2826 383 2906 fuerint,
398 2829 538 2910 corrigat
554 2833 585 2889 et
601 2828 717 2910 puniat
732 2829 909 2890 secundum
921 2829 1114 2910 qualitatem
1129 2830 1251 2906 delicti,
1276 2837 1309 2940 hp
1319 2837 1360 2881 the

106 2922 193 2984 salva
218 2922 312 2984 nobis
341 2929 376 2985 et
407 2923 643 2985 successoribus
669 2930 788 2985 nostns
807 2925 1035 3006 Jurrsdrccrone
1059 2926 1093 2986 iu
1119 2946 1172 2987 eos
1195 2925 1252 3006 qui
1275 2899 1427 2999 afflig,

106 3023 197 3080 extra
219 3017 427 3100 delinquunt,
444 3020 528 3080 sicut
548 3024 625 3080 ante
646 3017 705 3080 hoc
727 3024 890 3080 statutum
909 3019 1015 3082 fuerat
1037 3021 1252 3083 observatum.
1277 3012 1349 3069 ⁰¹¹⁰¹¹2

106 3115 151 3175 Et
166 3115 194 3175 si
208 3116 367 3176 meruerit
381 3115 572 3197 protervitas
588 3115 819 3196 delinquentis,
835 3116 942 3196 ipsum
959 3117 1147 3196 suspendat,
1164 3115 1255 3177 etde

108 3209 222 3271 salario
242 3229 299 3270 suo
320 3210 487 3290 provideat
509 3210 596 3291 quod
610 3211 693 3271 alius
716 3211 773 3292 qui
795 3211 940 3291 ydoneus
956 3210 1057 3271 fuerit
1072 3211 1159 3271 vices
1183 3209 1255 3292 ejus

109 3305 246 3385 supleat,
262 3311 297 3366 et
311 3306 368 3386 qui
384 3305 521 3388 siugulis
543 3305 657 3367 diebus
673 3306 753 3366 duos
775 3306 922 3367 denarios
946 3303 1074 3382 habeat,
1088 3325 1256 3387 quousque

109 3399 302 3482 delinquens
339 3402 530 3482 poenituerit
566 3407 601 3463 et
637 3401 828 3463 satisfecerit
868 3401 1051 3490 ,secundum
1094 3402 1257 3484 judicium

110 3495 245 3576 capituli
271 3496 322 3558 vel
351 3497 485 3558 rectoris
511 3498 668 3577 praedicti.
714 3498 808 3559 Etsi
837 3496 911 3558 talis
934 3502 1117 3578 perseveret
1140 3498 1176 3559 in
1199 3518 1258 3558 sua

110 3592 325 3669 coutumacia,
341 3591 391 3653 vel
413 3592 534 3654 delicto
559 3613 617 3675 per
639 3597 706 3655 tres
728 3613 867 3669 mansee,
882 3613 940 3675 per
960 3594 1083 3655 dictum
1108 3639 1115 3656 .
1140 3640 1149 3657 .
1172 3595 1258 3676 capi-

111 3685 219 3747 tulum
243 3686 295 3748 vel
319 3693 476 3749 rectorem
498 3689 797 3750 excommunicetur
822 3695 856 3750 et
886 3690 1101 3751 denuncietur
1127 3691 1258 3752 domino

113 3800 170 3842 suo
186 3782 213 3842 si
228 3782 264 3842 in
278 3801 380 3864 regno
394 3781 505 3858 fuerit,
520 3783 560 3844 ad
583 3803 738 3865 expensas
761 3783 992 3865 delinquentis,
1007 3785 1048 3846 de
1072 3806 1129 3846 suo
1145 3785 1258 3847 salario

112 3875 273 3953 levandas,
289 3877 375 3958 quod
389 3878 555 3960 provideat
571 3878 633 3940 sibi
648 3880 688 3940 de
700 3879 807 3960 aliquo
819 3879 937 3939 vicario
952 3878 1035 3940 infra
1049 3885 1115 3942 tres
1131 3901 1258 3942 menses

114 3976 296 4053 sequentes.
351 3972 443 4046 Quod
474 3974 501 4034 si
530 3993 596 4034 non
622 3973 746 4051 fecerit,
772 3979 960 4035 amoveatur
985 3975 1091 4037 dictus
1121 3977 1258 4038 vicarius
1282 4000 1375 4057 oroqen

114 4067 305 4149 delinquens
326 4087 385 4149 per
408 4113 416 4127 .
442 4114 450 4130 .
473 4070 655 4150 capitulum
678 4070 730 4131 vel
752 4075 910 4131 rectorem
931 4071 1133 4152 praedictum,
1148 4078 1206 4133 aut
1224 4074 1260 4133 in
1284 4044 1405 4152 “pn-⁹⁰⁶⁶

115 4182 227 4223 eorum
242 4162 466 4245 ueogligcncia
476 4184 534 4244 per
549 4166 793 4245 praelatum,vel
809 4185 868 4248 per
891 4211 899 4227 .
924 4210 932 4226 .
956 4166 1136 4247 capitulum
1152 4167 1261 4245 Ebor,

116 4257 191 4318 sede
206 4264 350 4334 vacante,
367 4264 401 4320 et
415 4258 500 4321 alius
515 4261 661 4341 ydoneus
677 4262 872 4322 instituatur
889 4260 959 4322 loco
974 4263 1090 4342 ipsius.
1136 4263 1179 4324 Et
1201 4262 1262 4325 hoo

117 4350 203 4411 idem
219 4350 277 4413 liat
292 4354 319 4414 si
334 4353 441 4415 dictus
466 4355 618 4416 dominus
635 4376 711 4417 suus
734 4356 768 4416 iu
784 4377 886 4439 regno
907 4376 973 4416 non
996 4355 1107 4433 suerit,
1123 4354 1218 4441 (tunc
1231 4355 1263 4441 ἲ)

118 4446 233 4528 aliquis
262 4455 413 4531 appareat
438 4450 508 4512 loco
531 4452 633 4533 ipsius
660 4452 716 4533 qui
746 4458 944 4534 potestatem
974 4453 1015 4514 ad
1045 4451 1104 4514 hoc
1134 4451 1264 4530 habeat,
