<?xml version="1.0" encoding="UTF-8"?>
<!DOCTYPE html PUBLIC "-//W3C//DTD XHTML 1.0 Transitional//EN"
    "http://www.w3.org/TR/xhtml1/DTD/xhtml1-transitional.dtd">
<html xmlns="http://www.w3.org/1999/xhtml" xml:lang="en" lang="en">
 <head>
  <title>
</title>
<meta http-equiv="Content-Type" content="text/html;charset=utf-8" />
  <meta name='ocr-system' content='tesseract 3.04.00' />
  <meta name='ocr-capabilities' content='ocr_page ocr_carea ocr_par ocr_line ocrx_word'/>
</head>
<body>
  <div class='ocr_page' id='page_1' title='image "./memorialschurch04fowlgoog_0065.png"; bbox 0 0 2992 5010; ppageno 0'>
   <div class='ocr_carea' id='block_1_1' title="bbox 223 310 1434 391">
    <p class='ocr_par' dir='ltr' id='par_1_1' title="bbox 223 310 1434 391">
     <span class='ocr_line' id='line_1_1' title="bbox 223 310 1434 391; baseline 0.002 -14"><span class='ocrx_word' id='word_1_1' title='bbox 223 325 399 378; x_wconf 70' lang='lat' dir='ltr'><strong>manners</strong></span> <span class='ocrx_word' id='word_1_2' title='bbox 424 323 521 378; x_wconf 79' lang='lat' dir='ltr'><strong>mou</strong></span> <span class='ocrx_word' id='word_1_3' title='bbox 546 325 642 378; x_wconf 82' lang='lat' dir='ltr'><strong>roan</strong></span> <span class='ocrx_word' id='word_1_4' title='bbox 668 325 882 391; x_wconf 81' lang='lat' dir='ltr'><strong>ans1smrs3</strong></span> <span class='ocrx_word' id='word_1_5' title='bbox 910 326 1146 379; x_wconf 78' lang='lat' dir='ltr'><strong>susurriano.</strong></span> <span class='ocrx_word' id='word_1_6' title='bbox 1387 310 1434 380; x_wconf 82' lang='lat'><strong>49</strong></span> 
     </span>
    </p>
   </div>
   <div class='ocr_carea' id='block_1_2' title="bbox 101 492 1260 1060">
    <p class='ocr_par' dir='ltr' id='par_1_2' title="bbox 101 492 1260 1060">
     <span class='ocr_line' id='line_1_2' title="bbox 102 492 1260 577; baseline 0.003 -22"><span class='ocrx_word' id='word_1_7' title='bbox 102 493 215 556; x_wconf 86' lang='lat' dir='ltr'><strong>silium</strong></span> <span class='ocrx_word' id='word_1_8' title='bbox 232 492 286 555; x_wconf 83' lang='lat' dir='ltr'><strong>vel</strong></span> <span class='ocrx_word' id='word_1_9' title='bbox 300 497 488 573; x_wconf 83' lang='lat' dir='ltr'><strong>tractatum,</strong></span> <span class='ocrx_word' id='word_1_10' title='bbox 502 515 563 557; x_wconf 89' lang='lat' dir='ltr'><strong>nec</strong></span> <span class='ocrx_word' id='word_1_11' title='bbox 577 495 790 577; x_wconf 76' lang='lat' dir='ltr'>conceperitis</span> <span class='ocrx_word' id='word_1_12' title='bbox 809 495 850 558; x_wconf 92' lang='lat' dir='ltr'><strong>ab</strong></span> <span class='ocrx_word' id='word_1_13' title='bbox 873 496 921 558; x_wconf 90' lang='lat' dir='ltr'><strong>eis</strong></span> <span class='ocrx_word' id='word_1_14' title='bbox 938 496 989 558; x_wconf 89' lang='lat' dir='ltr'><strong>vel</strong></span> <span class='ocrx_word' id='word_1_15' title='bbox 1014 516 1125 558; x_wconf 91' lang='lat' dir='ltr'><strong>eorum</strong></span> <span class='ocrx_word' id='word_1_16' title='bbox 1150 495 1260 577; x_wconf 86' lang='lat' dir='ltr'><strong>aliquo</strong></span> 
     </span>
     <span class='ocr_line' id='line_1_3' title="bbox 101 589 1259 672; baseline 0.001 -21"><span class='ocrx_word' id='word_1_17' title='bbox 101 590 182 672; x_wconf 91' lang='lat' dir='ltr'><strong>quid</strong></span> <span class='ocrx_word' id='word_1_18' title='bbox 213 597 250 652; x_wconf 88' lang='lat' dir='ltr'><strong>et</strong></span> <span class='ocrx_word' id='word_1_19' title='bbox 280 591 420 672; x_wconf 88' lang='lat' dir='ltr'><strong>qualiter</strong></span> <span class='ocrx_word' id='word_1_20' title='bbox 449 591 575 653; x_wconf 90' lang='lat' dir='ltr'><strong>debetis</strong></span> <span class='ocrx_word' id='word_1_21' title='bbox 605 591 710 653; x_wconf 87' lang='lat' dir='ltr'><strong>faeere</strong></span> <span class='ocrx_word' id='word_1_22' title='bbox 744 593 780 654; x_wconf 93' lang='lat' dir='ltr'><strong>in</strong></span> <span class='ocrx_word' id='word_1_23' title='bbox 810 589 871 655; x_wconf 93' lang='lat' dir='ltr'><strong>hoc</strong></span> <span class='ocrx_word' id='word_1_24' title='bbox 898 611 985 670; x_wconf 90' lang='lat' dir='ltr'><strong>casu,</strong></span> <span class='ocrx_word' id='word_1_25' title='bbox 1016 591 1143 654; x_wconf 89' lang='lat' dir='ltr'><strong>faciatis</strong></span> <span class='ocrx_word' id='word_1_26' title='bbox 1174 591 1259 653; x_wconf 89' lang='lat' dir='ltr'><strong>infra</strong></span> 
     </span>
     <span class='ocr_line' id='line_1_4' title="bbox 101 686 1258 770; baseline 0 -22"><span class='ocrx_word' id='word_1_27' title='bbox 101 692 233 748; x_wconf 84' lang='lat' dir='ltr'><strong>sextum</strong></span> <span class='ocrx_word' id='word_1_28' title='bbox 248 686 337 748; x_wconf 92' lang='lat' dir='ltr'><strong>diem</strong></span> <span class='ocrx_word' id='word_1_29' title='bbox 352 707 372 748; x_wconf 89' lang='lat' dir='ltr'><strong>a</strong></span> <span class='ocrx_word' id='word_1_30' title='bbox 385 688 638 770; x_wconf 82' lang='lat' dir='ltr'><strong>praesentacione</strong></span> <span class='ocrx_word' id='word_1_31' title='bbox 660 687 830 750; x_wconf 90' lang='lat' dir='ltr'><strong>literarum</strong></span> <span class='ocrx_word' id='word_1_32' title='bbox 851 686 1041 770; x_wconf 91' lang='lat' dir='ltr'><strong>hujusmodi</strong></span> <span class='ocrx_word' id='word_1_33' title='bbox 1058 688 1149 750; x_wconf 89' lang='lat' dir='ltr'><strong>vobis</strong></span> <span class='ocrx_word' id='word_1_34' title='bbox 1172 687 1258 749; x_wconf 85' lang='lat' dir='ltr'><strong>facta</strong></span> 
     </span>
     <span class='ocr_line' id='line_1_5' title="bbox 102 781 1257 867; baseline 0.001 -24"><span class='ocrx_word' id='word_1_35' title='bbox 102 781 163 844; x_wconf 91' lang='lat' dir='ltr'><strong>sub</strong></span> <span class='ocrx_word' id='word_1_36' title='bbox 177 783 418 864; x_wconf 87' lang='lat' dir='ltr'><strong>protestacione</strong></span> <span class='ocrx_word' id='word_1_37' title='bbox 442 783 602 846; x_wconf 78' lang='lat' dir='ltr'><strong>consimili</strong></span> <span class='ocrx_word' id='word_1_38' title='bbox 627 783 844 861; x_wconf 88' lang='lat' dir='ltr'><strong>admittendo,</strong></span> <span class='ocrx_word' id='word_1_39' title='bbox 860 791 957 867; x_wconf 91' lang='lat' dir='ltr'><strong>prout</strong></span> <span class='ocrx_word' id='word_1_40' title='bbox 979 784 1020 846; x_wconf 89' lang='lat' dir='ltr'><strong>ad</strong></span> <span class='ocrx_word' id='word_1_41' title='bbox 1044 805 1100 846; x_wconf 88' lang='lat' dir='ltr'><strong>vos</strong></span> <span class='ocrx_word' id='word_1_42' title='bbox 1123 784 1257 860; x_wconf 79' lang='lat' dir='ltr'><strong>attinet,</strong></span> 
     </span>
     <span class='ocr_line' id='line_1_6' title="bbox 102 879 1257 962; baseline 0.001 -22"><span class='ocrx_word' id='word_1_43' title='bbox 102 879 182 960; x_wconf 91' lang='lat' dir='ltr'><strong>quid</strong></span> <span class='ocrx_word' id='word_1_44' title='bbox 220 879 409 941; x_wconf 87' lang='lat' dir='ltr'><strong>oonsulcius</strong></span> <span class='ocrx_word' id='word_1_45' title='bbox 446 880 595 942; x_wconf 78' lang='lat' dir='ltr'><strong>videritis</strong></span> <span class='ocrx_word' id='word_1_46' title='bbox 632 879 828 942; x_wconf 88' lang='lat' dir='ltr'><strong>faciendum.</strong></span> <span class='ocrx_word' id='word_1_47' title='bbox 884 880 1011 942; x_wconf 80' lang='lat' dir='ltr'><strong>Valete.</strong></span> <span class='ocrx_word' id='word_1_48' title='bbox 1065 880 1140 942; x_wconf 89' lang='lat' dir='ltr'><strong>Dat.</strong></span> <span class='ocrx_word' id='word_1_49' title='bbox 1170 880 1257 962; x_wconf 87' lang='lat' dir='ltr'><strong>apud</strong></span> 
     </span>
     <span class='ocr_line' id='line_1_7' title="bbox 103 975 943 1060; baseline 0.005 -24"><span class='ocrx_word' id='word_1_50' title='bbox 103 975 237 1060; x_wconf 86' lang='lat' dir='ltr'><strong>Scroby,</strong></span> <span class='ocrx_word' id='word_1_51' title='bbox 253 977 287 1037; x_wconf 84' lang='lat' dir='ltr'><strong>ix</strong></span> <span class='ocrx_word' id='word_1_52' title='bbox 303 976 378 1038; x_wconf 90' lang='lat' dir='ltr'><strong>Kal.</strong></span> <span class='ocrx_word' id='word_1_53' title='bbox 394 977 475 1055; x_wconf 81' lang='lat' dir='ltr'><strong>Jul,</strong></span> <span class='ocrx_word' id='word_1_54' title='bbox 490 983 581 1060; x_wconf 88' lang='lat' dir='ltr'><strong>pout.</strong></span> <span class='ocrx_word' id='word_1_55' title='bbox 596 978 700 1039; x_wconf 90' lang='lat' dir='ltr'><strong>nostri</strong></span> <span class='ocrx_word' id='word_1_56' title='bbox 715 997 800 1040; x_wconf 89' lang='lat' dir='ltr'><strong>anno</strong></span> <span class='ocrx_word' id='word_1_57' title='bbox 815 978 943 1060; x_wconf 90' lang='lat' dir='ltr'><strong>quinto.</strong></span> 
     </span>
    </p>
   </div>
   <div class='ocr_carea' id='block_1_3' title="bbox 227 1207 1131 1386">
    <p class='ocr_par' dir='ltr' id='par_1_3' title="bbox 227 1207 1131 1386">
     <span class='ocr_line' id='line_1_8' title="bbox 227 1207 1131 1265; baseline 0 -1"><span class='ocrx_word' id='word_1_58' title='bbox 227 1207 493 1264; x_wconf 69' lang='lat' dir='ltr'><strong>REGISTERuF</strong></span> <span class='ocrx_word' id='word_1_59' title='bbox 517 1210 603 1263; x_wconf 84' lang='lat' dir='ltr'><strong>ABP.</strong></span> <span class='ocrx_word' id='word_1_60' title='bbox 628 1209 886 1264; x_wconf 84' lang='lat' dir='ltr'><strong>GREENFIELD.</strong></span> <span class='ocrx_word' id='word_1_61' title='bbox 923 1225 977 1264; x_wconf 62' lang='lat' dir='ltr'><strong>ab.</strong></span> <span class='ocrx_word' id='word_1_62' title='bbox 998 1211 1131 1265; x_wconf 75' lang='lat'>1304-16.</span> 
     </span>
     <span class='ocr_line' id='line_1_9' title="bbox 622 1331 737 1386; baseline 0.026 -3"><span class='ocrx_word' id='word_1_63' title='bbox 622 1331 691 1384; x_wconf 78' lang='lat' dir='ltr'><strong>Part</strong></span> <span class='ocrx_word' id='word_1_64' title='bbox 711 1331 737 1386; x_wconf 88' lang='grc' dir='ltr'><strong>Ι.</strong></span> 
     </span>
    </p>
   </div>
   <div class='ocr_carea' id='block_1_4' title="bbox 92 1460 1428 4522">
    <p class='ocr_par' dir='ltr' id='par_1_4' title="bbox 92 1460 1428 4522">
     <span class='ocr_line' id='line_1_10' title="bbox 164 1460 1366 1544; baseline 0.001 -21"><span class='ocrx_word' id='word_1_65' title='bbox 164 1462 365 1539; x_wconf 87' lang='lat' dir='ltr'><strong>Willelmus,</strong></span> <span class='ocrx_word' id='word_1_66' title='bbox 380 1463 592 1544; x_wconf 82' lang='lat' dir='ltr'><strong>permissione</strong></span> <span class='ocrx_word' id='word_1_67' title='bbox 607 1462 727 1524; x_wconf 87' lang='lat' dir='ltr'><strong>Divina</strong></span> <span class='ocrx_word' id='word_1_68' title='bbox 741 1462 837 1524; x_wconf 87' lang='lat' dir='ltr'><strong>Ebor.</strong></span> <span class='ocrx_word' id='word_1_69' title='bbox 854 1468 917 1525; x_wconf 75' lang='lat' dir='ltr'><strong>etc.</strong></span> <span class='ocrx_word' id='word_1_70' title='bbox 934 1460 1053 1526; x_wconf 88' lang='lat' dir='ltr'><strong>dilecto</strong></span> <span class='ocrx_word' id='word_1_71' title='bbox 1073 1461 1108 1526; x_wconf 92' lang='lat' dir='ltr'><strong>in</strong></span> <span class='ocrx_word' id='word_1_72' title='bbox 1125 1462 1252 1527; x_wconf 85' lang='lat' dir='ltr'><strong>Christo</strong></span> <span class='ocrx_word' id='word_1_73' title='bbox 1278 1476 1320 1535; x_wconf 73' lang='lat' dir='ltr'><strong>(as</strong></span> <span class='ocrx_word' id='word_1_74' title='bbox 1331 1479 1366 1537; x_wconf 72' lang='lat' dir='ltr'><strong>a.)</strong></span> 
     </span>
     <span class='ocr_line' id='line_1_11' title="bbox 98 1539 1405 1654; baseline 0.002 -34"><span class='ocrx_word' id='word_1_75' title='bbox 98 1558 165 1621; x_wconf 90' lang='lat' dir='ltr'><strong>filio</strong></span> <span class='ocrx_word' id='word_1_76' title='bbox 195 1558 332 1621; x_wconf 91' lang='lat' dir='ltr'><strong>domiuo</strong></span> <span class='ocrx_word' id='word_1_77' title='bbox 357 1557 485 1642; x_wconf 84' lang='lat' dir='ltr'><strong>Rogero</strong></span> <span class='ocrx_word' id='word_1_78' title='bbox 516 1558 641 1640; x_wconf 84' lang='lat' dir='ltr'><strong>Swayn,</strong></span> <span class='ocrx_word' id='word_1_79' title='bbox 671 1560 826 1621; x_wconf 88' lang='lat' dir='ltr'><strong>canonico</strong></span> <span class='ocrx_word' id='word_1_80' title='bbox 856 1554 982 1642; x_wconf 87' lang='lat' dir='ltr'><strong>Ripon’,</strong></span> <span class='ocrx_word' id='word_1_81' title='bbox 1010 1556 1160 1638; x_wconf 85' lang='lat' dir='ltr'><strong>salutem,</strong></span> <span class='ocrx_word' id='word_1_82' title='bbox 1189 1566 1252 1624; x_wconf 90' lang='lat' dir='ltr'><strong>etc.</strong></span> <span class='ocrx_word' id='word_1_83' title='bbox 1276 1539 1405 1654; x_wconf 36' lang='lat' dir='ltr'><strong>&amp;wlsi</strong></span> 
     </span>
     <span class='ocr_line' id='line_1_12' title="bbox 98 1654 1368 1737; baseline 0.002 -21"><span class='ocrx_word' id='word_1_84' title='bbox 98 1654 315 1717; x_wconf 85' lang='lat' dir='ltr'><strong>Meminimus</strong></span> <span class='ocrx_word' id='word_1_85' title='bbox 330 1674 389 1716; x_wconf 90' lang='lat' dir='ltr'><strong>nos</strong></span> <span class='ocrx_word' id='word_1_86' title='bbox 404 1655 483 1716; x_wconf 85' lang='lat' dir='ltr'><strong>alias</strong></span> <span class='ocrx_word' id='word_1_87' title='bbox 497 1656 539 1717; x_wconf 93' lang='lat' dir='ltr'><strong>ad</strong></span> <span class='ocrx_word' id='word_1_88' title='bbox 555 1655 787 1737; x_wconf 87' lang='lat' dir='ltr'><strong>inquirendum</strong></span> <span class='ocrx_word' id='word_1_89' title='bbox 802 1655 842 1717; x_wconf 91' lang='lat' dir='ltr'><strong>de</strong></span> <span class='ocrx_word' id='word_1_90' title='bbox 858 1656 954 1717; x_wconf 87' lang='lat' dir='ltr'><strong>certis</strong></span> <span class='ocrx_word' id='word_1_91' title='bbox 969 1657 1116 1718; x_wconf 77' lang='lat' dir='ltr'><strong>articulis</strong></span> <span class='ocrx_word' id='word_1_92' title='bbox 1129 1663 1251 1719; x_wconf 89' lang='lat' dir='ltr'><strong>statum</strong></span> <span class='ocrx_word' id='word_1_93' title='bbox 1275 1679 1368 1726; x_wconf 64' lang='lat' dir='ltr'><strong>ama</strong></span> 
     </span>
     <span class='ocr_line' id='line_1_13' title="bbox 99 1740 1401 1842; baseline 0.003 -31"><span class='ocrx_word' id='word_1_94' title='bbox 99 1748 272 1834; x_wconf 90' lang='lat' dir='ltr'><strong>hospitalis</strong></span> <span class='ocrx_word' id='word_1_95' title='bbox 299 1750 410 1813; x_wconf 83' lang='lat' dir='ltr'><strong>Beatae</strong></span> <span class='ocrx_word' id='word_1_96' title='bbox 437 1751 550 1813; x_wconf 89' lang='lat' dir='ltr'><strong>Mariae</strong></span> <span class='ocrx_word' id='word_1_97' title='bbox 576 1750 780 1833; x_wconf 86' lang='lat' dir='ltr'><strong>Magdalenae</strong></span> <span class='ocrx_word' id='word_1_98' title='bbox 805 1750 932 1834; x_wconf 84' lang='lat' dir='ltr'><strong>Ripon’,</strong></span> <span class='ocrx_word' id='word_1_99' title='bbox 956 1757 990 1813; x_wconf 91' lang='lat' dir='ltr'><strong>et</strong></span> <span class='ocrx_word' id='word_1_100' title='bbox 1008 1752 1186 1814; x_wconf 84' lang='lat' dir='ltr'><strong>Patricium</strong></span> <span class='ocrx_word' id='word_1_101' title='bbox 1210 1753 1251 1815; x_wconf 92' lang='lat' dir='ltr'><strong>de</strong></span> <span class='ocrx_word' id='word_1_102' title='bbox 1275 1740 1401 1842; x_wconf 41' lang='lat' dir='ltr'><strong>wlff</strong></span> 
     </span>
     <span class='ocr_line' id='line_1_14' title="bbox 100 1814 1417 1932; baseline 0.003 -24"><span class='ocrx_word' id='word_1_103' title='bbox 100 1846 287 1909; x_wconf 86' lang='lat' dir='ltr'><strong>Braffreton</strong></span> <span class='ocrx_word' id='word_1_104' title='bbox 317 1867 421 1930; x_wconf 88' lang='lat' dir='ltr'><strong>nuper</strong></span> <span class='ocrx_word' id='word_1_105' title='bbox 451 1847 621 1909; x_wconf 87' lang='lat' dir='ltr'><strong>custodem</strong></span> <span class='ocrx_word' id='word_1_106' title='bbox 651 1847 800 1929; x_wconf 87' lang='lat' dir='ltr'><strong>ejusdem</strong></span> <span class='ocrx_word' id='word_1_107' title='bbox 829 1843 1095 1932; x_wconf 88' lang='lat' dir='ltr'><strong>contingentibus</strong></span> <span class='ocrx_word' id='word_1_108' title='bbox 1125 1854 1251 1912; x_wconf 89' lang='lat' dir='ltr'><strong>nostras</strong></span> <span class='ocrx_word' id='word_1_109' title='bbox 1275 1814 1417 1928; x_wconf 37' lang='lat' dir='ltr'><strong>renam«.</strong></span> 
     </span>
     <span class='ocr_line' id='line_1_15' title="bbox 101 1916 1428 2024; baseline 0.002 -20"><span class='ocrx_word' id='word_1_110' title='bbox 101 1943 189 2005; x_wconf 88' lang='lat' dir='ltr'><strong>vobis</strong></span> <span class='ocrx_word' id='word_1_111' title='bbox 212 1943 328 2006; x_wconf 85' lang='lat' dir='ltr'><strong>literas</strong></span> <span class='ocrx_word' id='word_1_112' title='bbox 344 1943 511 2021; x_wconf 84' lang='lat' dir='ltr'><strong>direxisse,</strong></span> <span class='ocrx_word' id='word_1_113' title='bbox 527 1963 639 2004; x_wconf 89' lang='lat' dir='ltr'><strong>verum</strong></span> <span class='ocrx_word' id='word_1_114' title='bbox 655 1943 731 2024; x_wconf 92' lang='lat' dir='ltr'><strong>quia</strong></span> <span class='ocrx_word' id='word_1_115' title='bbox 746 1965 785 2005; x_wconf 83' lang='lat' dir='ltr'><strong>ex</strong></span> <span class='ocrx_word' id='word_1_116' title='bbox 800 1944 1026 2005; x_wconf 85' lang='lat' dir='ltr'><strong>certificatorio</strong></span> <span class='ocrx_word' id='word_1_117' title='bbox 1041 1950 1149 2005; x_wconf 88' lang='lat' dir='ltr'><strong>vestro</strong></span> <span class='ocrx_word' id='word_1_118' title='bbox 1163 1966 1251 2006; x_wconf 89' lang='lat' dir='ltr'><strong>com-</strong></span> <span class='ocrx_word' id='word_1_119' title='bbox 1273 1916 1428 2021; x_wconf 51' lang='lat' dir='ltr'><strong>ssiss&#39;ssm‘</strong></span> 
     </span>
     <span class='ocr_line' id='line_1_16' title="bbox 98 2032 1375 2136; baseline 0.002 -36"><span class='ocrx_word' id='word_1_120' title='bbox 98 2041 255 2122; x_wconf 86' lang='lat' dir='ltr'><strong>perimus,</strong></span> <span class='ocrx_word' id='word_1_121' title='bbox 270 2041 356 2123; x_wconf 94' lang='lat' dir='ltr'><strong>quod</strong></span> <span class='ocrx_word' id='word_1_122' title='bbox 372 2039 525 2122; x_wconf 80' lang='lat' dir='ltr'><strong>praedicto</strong></span> <span class='ocrx_word' id='word_1_123' title='bbox 547 2039 688 2101; x_wconf 90' lang='lat' dir='ltr'><strong>Patricio</strong></span> <span class='ocrx_word' id='word_1_124' title='bbox 703 2038 936 2102; x_wconf 85' lang='lat' dir='ltr'><strong>denunciatum</strong></span> <span class='ocrx_word' id='word_1_125' title='bbox 959 2060 1024 2101; x_wconf 92' lang='lat' dir='ltr'><strong>non</strong></span> <span class='ocrx_word' id='word_1_126' title='bbox 1047 2045 1116 2101; x_wconf 88' lang='lat' dir='ltr'><strong>erat</strong></span> <span class='ocrx_word' id='word_1_127' title='bbox 1139 2044 1177 2101; x_wconf 87' lang='lat' dir='ltr'><strong>ut</strong></span> <span class='ocrx_word' id='word_1_128' title='bbox 1199 2036 1250 2102; x_wconf 83' lang='lat' dir='ltr'><strong>in·</strong></span> <span class='ocrx_word' id='word_1_129' title='bbox 1272 2032 1375 2136; x_wconf 45' lang='grc' dir='ltr'><strong>ΜΛ</strong></span> 
     </span>
     <span class='ocr_line' id='line_1_17' title="bbox 98 2107 1421 2221; baseline -0.001 -25"><span class='ocrx_word' id='word_1_130' title='bbox 98 2136 272 2216; x_wconf 89' lang='lat' dir='ltr'><strong>quisicioni</strong></span> <span class='ocrx_word' id='word_1_131' title='bbox 308 2133 497 2218; x_wconf 92' lang='lat' dir='ltr'><strong>hujusmodi</strong></span> <span class='ocrx_word' id='word_1_132' title='bbox 534 2135 720 2212; x_wconf 83' lang='lat' dir='ltr'><strong>interesset,</strong></span> <span class='ocrx_word' id='word_1_133' title='bbox 751 2156 810 2198; x_wconf 91' lang='lat' dir='ltr'><strong>nos</strong></span> <span class='ocrx_word' id='word_1_134' title='bbox 840 2136 881 2197; x_wconf 95' lang='lat' dir='ltr'><strong>ob</strong></span> <span class='ocrx_word' id='word_1_135' title='bbox 912 2133 979 2197; x_wconf 83' lang='lat' dir='ltr'><strong>haec</strong></span> <span class='ocrx_word' id='word_1_136' title='bbox 1010 2139 1045 2196; x_wconf 90' lang='lat' dir='ltr'><strong>et</strong></span> <span class='ocrx_word' id='word_1_137' title='bbox 1076 2135 1140 2196; x_wconf 88' lang='lat' dir='ltr'><strong>alia</strong></span> <span class='ocrx_word' id='word_1_138' title='bbox 1170 2141 1249 2197; x_wconf 89' lang='lat' dir='ltr'><strong>tunc</strong></span> <span class='ocrx_word' id='word_1_139' title='bbox 1273 2107 1421 2221; x_wconf 40' lang='lat' dir='ltr'><strong>lulis?</strong></span> 
     </span>
     <span class='ocr_line' id='line_1_18' title="bbox 97 2209 1425 2327; baseline 0.001 -35"><span class='ocrx_word' id='word_1_140' title='bbox 97 2233 218 2293; x_wconf 89' lang='lat' dir='ltr'><strong>omissa</strong></span> <span class='ocrx_word' id='word_1_141' title='bbox 233 2232 274 2294; x_wconf 92' lang='lat' dir='ltr'><strong>ad</strong></span> <span class='ocrx_word' id='word_1_142' title='bbox 290 2232 522 2313; x_wconf 89' lang='lat' dir='ltr'><strong>inquirendum</strong></span> <span class='ocrx_word' id='word_1_143' title='bbox 538 2252 595 2312; x_wconf 93' lang='lat' dir='ltr'><strong>per</strong></span> <span class='ocrx_word' id='word_1_144' title='bbox 611 2232 695 2293; x_wconf 90' lang='lat' dir='ltr'><strong>viros</strong></span> <span class='ocrx_word' id='word_1_145' title='bbox 710 2232 890 2315; x_wconf 87' lang='lat' dir='ltr'><strong>fidedignos</strong></span> <span class='ocrx_word' id='word_1_146' title='bbox 913 2232 997 2293; x_wconf 90' lang='lat' dir='ltr'><strong>nulli</strong></span> <span class='ocrx_word' id='word_1_147' title='bbox 1021 2237 1197 2314; x_wconf 88' lang='lat' dir='ltr'><strong>suspectos,</strong></span> <span class='ocrx_word' id='word_1_148' title='bbox 1213 2233 1248 2293; x_wconf 94' lang='lat' dir='ltr'><strong>in</strong></span> <span class='ocrx_word' id='word_1_149' title='bbox 1272 2209 1425 2327; x_wconf 38' lang='lat' dir='ltr'><strong>22¹2}ssssssss</strong></span> 
     </span>
     <span class='ocr_line' id='line_1_19' title="bbox 96 2326 1408 2432; baseline 0.002 -43"><span class='ocrx_word' id='word_1_150' title='bbox 96 2348 163 2410; x_wconf 92' lang='lat' dir='ltr'><strong>quo</strong></span> <span class='ocrx_word' id='word_1_151' title='bbox 188 2334 278 2391; x_wconf 80' lang='lat' dir='ltr'><strong>statu</strong></span> <span class='ocrx_word' id='word_1_152' title='bbox 304 2328 392 2390; x_wconf 91' lang='lat' dir='ltr'><strong>idem</strong></span> <span class='ocrx_word' id='word_1_153' title='bbox 417 2326 580 2389; x_wconf 85' lang='lat' dir='ltr'><strong>Patricius</strong></span> <span class='ocrx_word' id='word_1_154' title='bbox 609 2326 802 2410; x_wconf 85' lang='lat' dir='ltr'><strong>praedictum</strong></span> <span class='ocrx_word' id='word_1_155' title='bbox 832 2327 992 2410; x_wconf 88' lang='lat' dir='ltr'><strong>hospitale</strong></span> <span class='ocrx_word' id='word_1_156' title='bbox 1022 2333 1168 2411; x_wconf 85' lang='lat' dir='ltr'><strong>tempore</strong></span> <span class='ocrx_word' id='word_1_157' title='bbox 1198 2330 1250 2391; x_wconf 82' lang='lat' dir='ltr'><strong>in·</strong></span> <span class='ocrx_word' id='word_1_158' title='bbox 1273 2329 1408 2432; x_wconf 50' lang='grc' dir='ltr'><strong>ἳξκξαῖᾝ</strong></span> 
     </span>
     <span class='ocr_line' id='line_1_20' title="bbox 96 2393 1420 2549; baseline 0.005 -63"><span class='ocrx_word' id='word_1_159' title='bbox 96 2445 229 2508; x_wconf 86' lang='lat' dir='ltr'><strong>gressus</strong></span> <span class='ocrx_word' id='word_1_160' title='bbox 252 2425 304 2486; x_wconf 90' lang='lat' dir='ltr'><strong>sui</strong></span> <span class='ocrx_word' id='word_1_161' title='bbox 325 2430 502 2507; x_wconf 83' lang='lat' dir='ltr'><strong>receperat,</strong></span> <span class='ocrx_word' id='word_1_162' title='bbox 518 2430 552 2486; x_wconf 91' lang='lat' dir='ltr'><strong>et</strong></span> <span class='ocrx_word' id='word_1_163' title='bbox 575 2425 609 2484; x_wconf 90' lang='lat' dir='ltr'><strong>in</strong></span> <span class='ocrx_word' id='word_1_164' title='bbox 632 2445 697 2506; x_wconf 93' lang='lat' dir='ltr'><strong>quo</strong></span> <span class='ocrx_word' id='word_1_165' title='bbox 720 2429 809 2486; x_wconf 84' lang='lat' dir='ltr'><strong>statu</strong></span> <span class='ocrx_word' id='word_1_166' title='bbox 832 2424 914 2486; x_wconf 92' lang='lat' dir='ltr'><strong>illud</strong></span> <span class='ocrx_word' id='word_1_167' title='bbox 938 2419 1111 2502; x_wconf 90' lang='lat' dir='ltr'><strong>dimiserit,</strong></span> <span class='ocrx_word' id='word_1_168' title='bbox 1127 2432 1162 2487; x_wconf 91' lang='lat' dir='ltr'><strong>et</strong></span> <span class='ocrx_word' id='word_1_169' title='bbox 1176 2446 1248 2507; x_wconf 88' lang='lat' dir='ltr'><strong>quae</strong></span> <span class='ocrx_word' id='word_1_170' title='bbox 1272 2393 1420 2549; x_wconf 50' lang='grc' dir='ltr'><strong>Βῖξῑῗωῖ</strong></span> 
     </span>
     <span class='ocr_line' id='line_1_21' title="bbox 96 2518 1393 2608; baseline 0.002 -26"><span class='ocrx_word' id='word_1_171' title='bbox 96 2519 183 2582; x_wconf 87' lang='lat' dir='ltr'><strong>bona</strong></span> <span class='ocrx_word' id='word_1_172' title='bbox 206 2525 243 2582; x_wconf 92' lang='lat' dir='ltr'><strong>et</strong></span> <span class='ocrx_word' id='word_1_173' title='bbox 266 2519 361 2603; x_wconf 89' lang='lat' dir='ltr'><strong>cujus</strong></span> <span class='ocrx_word' id='word_1_174' title='bbox 384 2520 512 2596; x_wconf 83' lang='lat' dir='ltr'><strong>valoris,</strong></span> <span class='ocrx_word' id='word_1_175' title='bbox 527 2525 596 2581; x_wconf 84' lang='lat' dir='ltr'><strong>tam</strong></span> <span class='ocrx_word' id='word_1_176' title='bbox 619 2520 665 2583; x_wconf 93' lang='lat' dir='ltr'><strong>ibi</strong></span> <span class='ocrx_word' id='word_1_177' title='bbox 687 2541 785 2602; x_wconf 86' lang='lat' dir='ltr'><strong>quam</strong></span> <span class='ocrx_word' id='word_1_178' title='bbox 808 2521 894 2603; x_wconf 89' lang='lat' dir='ltr'><strong>apud</strong></span> <span class='ocrx_word' id='word_1_179' title='bbox 915 2518 1104 2597; x_wconf 86' lang='lat' dir='ltr'><strong>Moulwath,</strong></span> <span class='ocrx_word' id='word_1_180' title='bbox 1121 2527 1156 2584; x_wconf 90' lang='lat' dir='ltr'><strong>et</strong></span> <span class='ocrx_word' id='word_1_181' title='bbox 1170 2518 1249 2584; x_wconf 84' lang='lat' dir='ltr'><strong>loeis</strong></span> <span class='ocrx_word' id='word_1_182' title='bbox 1272 2519 1393 2608; x_wconf 33' lang='lat' dir='ltr'><strong>mg&amp;</strong></span> 
     </span>
     <span class='ocr_line' id='line_1_22' title="bbox 96 2579 1407 2699; baseline 0.004 -23"><span class='ocrx_word' id='word_1_183' title='bbox 96 2615 171 2677; x_wconf 85' lang='lat' dir='ltr'><strong>aliis</strong></span> <span class='ocrx_word' id='word_1_184' title='bbox 188 2616 230 2678; x_wconf 86' lang='lat' dir='ltr'><strong>ad</strong></span> <span class='ocrx_word' id='word_1_185' title='bbox 254 2616 362 2698; x_wconf 90' lang='lat' dir='ltr'><strong>ipsum</strong></span> <span class='ocrx_word' id='word_1_186' title='bbox 385 2614 545 2698; x_wconf 87' lang='lat' dir='ltr'><strong>hospitale</strong></span> <span class='ocrx_word' id='word_1_187' title='bbox 570 2616 803 2697; x_wconf 83' lang='lat' dir='ltr'><strong>spectantibus,</strong></span> <span class='ocrx_word' id='word_1_188' title='bbox 818 2621 891 2699; x_wconf 92' lang='lat' dir='ltr'><strong>post</strong></span> <span class='ocrx_word' id='word_1_189' title='bbox 911 2617 1092 2678; x_wconf 88' lang='lat' dir='ltr'><strong>cessionem</strong></span> <span class='ocrx_word' id='word_1_190' title='bbox 1117 2639 1176 2681; x_wconf 88' lang='lat' dir='ltr'><strong>seu</strong></span> <span class='ocrx_word' id='word_1_191' title='bbox 1198 2639 1250 2680; x_wconf 91' lang='lat' dir='ltr'><strong>re-</strong></span> <span class='ocrx_word' id='word_1_192' title='bbox 1272 2579 1407 2692; x_wconf 35' lang='lat' dir='ltr'><strong>illlum?</strong></span> 
     </span>
     <span class='ocr_line' id='line_1_23' title="bbox 96 2686 1395 2796; baseline 0.003 -23"><span class='ocrx_word' id='word_1_193' title='bbox 96 2712 319 2796; x_wconf 78' lang='lat' dir='ltr'><strong>siguacionem</strong></span> <span class='ocrx_word' id='word_1_194' title='bbox 334 2712 356 2774; x_wconf 89' lang='lat' dir='ltr'>J</span> <span class='ocrx_word' id='word_1_195' title='bbox 357 2711 447 2774; x_wconf 91' lang='lat' dir='ltr'><strong>acobi</strong></span> <span class='ocrx_word' id='word_1_196' title='bbox 462 2712 503 2774; x_wconf 92' lang='lat' dir='ltr'><strong>de</strong></span> <span class='ocrx_word' id='word_1_197' title='bbox 520 2712 689 2775; x_wconf 84' lang='lat' dir='ltr'><strong>Cimiterio</strong></span> <span class='ocrx_word' id='word_1_198' title='bbox 703 2713 935 2787; x_wconf 81' lang='lat' dir='ltr'><strong>remanebant3</strong></span> <span class='ocrx_word' id='word_1_199' title='bbox 958 2733 1031 2794; x_wconf 87' lang='lat' dir='ltr'><strong>quae</strong></span> <span class='ocrx_word' id='word_1_200' title='bbox 1054 2713 1136 2775; x_wconf 88' lang='lat' dir='ltr'><strong>bona</strong></span> <span class='ocrx_word' id='word_1_201' title='bbox 1159 2721 1193 2776; x_wconf 92' lang='lat' dir='ltr'><strong>et</strong></span> <span class='ocrx_word' id='word_1_202' title='bbox 1208 2716 1248 2776; x_wconf 90' lang='lat' dir='ltr'><strong>ad</strong></span> <span class='ocrx_word' id='word_1_203' title='bbox 1272 2686 1395 2728; x_wconf 48' lang='lat' dir='ltr'><strong>‘&#39;tm‘&#39;</strong></span> 
     </span>
     <span class='ocr_line' id='line_1_24' title="bbox 96 2806 1248 2892; baseline 0.003 -22"><span class='ocrx_word' id='word_1_204' title='bbox 96 2815 260 2890; x_wconf 85' lang='lat' dir='ltr'><strong>quantum</strong></span> <span class='ocrx_word' id='word_1_205' title='bbox 290 2809 431 2871; x_wconf 89' lang='lat' dir='ltr'><strong>valorem</strong></span> <span class='ocrx_word' id='word_1_206' title='bbox 461 2809 568 2870; x_wconf 87' lang='lat' dir='ltr'><strong>dictus</strong></span> <span class='ocrx_word' id='word_1_207' title='bbox 602 2808 763 2870; x_wconf 88' lang='lat' dir='ltr'><strong>Patricius</strong></span> <span class='ocrx_word' id='word_1_208' title='bbox 801 2809 841 2869; x_wconf 90' lang='lat' dir='ltr'><strong>ad</strong></span> <span class='ocrx_word' id='word_1_209' title='bbox 880 2808 1050 2890; x_wconf 74' lang='lat' dir='ltr'><strong>praefatum</strong></span> <span class='ocrx_word' id='word_1_210' title='bbox 1088 2806 1248 2892; x_wconf 88' lang='lat' dir='ltr'><strong>hospitale</strong></span> 
     </span>
     <span class='ocr_line' id='line_1_25' title="bbox 95 2902 1249 2988; baseline 0.003 -23"><span class='ocrx_word' id='word_1_211' title='bbox 95 2904 255 2966; x_wconf 88' lang='lat' dir='ltr'><strong>attulerat</strong></span> <span class='ocrx_word' id='word_1_212' title='bbox 268 2926 277 2980; x_wconf 92' lang='lat'>;</span> <span class='ocrx_word' id='word_1_213' title='bbox 299 2925 370 2986; x_wconf 86' lang='lat' dir='ltr'><strong>quae</strong></span> <span class='ocrx_word' id='word_1_214' title='bbox 387 2905 490 2966; x_wconf 89' lang='lat' dir='ltr'><strong>eciam</strong></span> <span class='ocrx_word' id='word_1_215' title='bbox 507 2903 591 2966; x_wconf 88' lang='lat' dir='ltr'><strong>bona</strong></span> <span class='ocrx_word' id='word_1_216' title='bbox 606 2924 693 2965; x_wconf 85' lang='lat' dir='ltr'><strong>nunc</strong></span> <span class='ocrx_word' id='word_1_217' title='bbox 710 2905 745 2965; x_wconf 90' lang='lat' dir='ltr'><strong>in</strong></span> <span class='ocrx_word' id='word_1_218' title='bbox 754 2902 907 2986; x_wconf 82' lang='lat' dir='ltr'><strong>hospitali</strong></span> <span class='ocrx_word' id='word_1_219' title='bbox 921 2911 955 2966; x_wconf 91' lang='lat' dir='ltr'><strong>et</strong></span> <span class='ocrx_word' id='word_1_220' title='bbox 967 2905 1045 2966; x_wconf 88' lang='lat' dir='ltr'><strong>locls</strong></span> <span class='ocrx_word' id='word_1_221' title='bbox 1054 2905 1126 2967; x_wconf 90' lang='lat' dir='ltr'><strong>allis</strong></span> <span class='ocrx_word' id='word_1_222' title='bbox 1136 2925 1249 2988; x_wconf 82' lang='lat' dir='ltr'><strong>supra·</strong></span> 
     </span>
     <span class='ocr_line' id='line_1_26' title="bbox 95 2999 1248 3082; baseline 0.004 -22"><span class='ocrx_word' id='word_1_223' title='bbox 95 2999 195 3062; x_wconf 89' lang='lat' dir='ltr'><strong>dictis</strong></span> <span class='ocrx_word' id='word_1_224' title='bbox 210 3021 269 3062; x_wconf 88' lang='lat' dir='ltr'><strong>seu</strong></span> <span class='ocrx_word' id='word_1_225' title='bbox 283 3005 430 3082; x_wconf 90' lang='lat' dir='ltr'><strong>tempore</strong></span> <span class='ocrx_word' id='word_1_226' title='bbox 451 3000 626 3061; x_wconf 90' lang='lat' dir='ltr'><strong>amocionls</strong></span> <span class='ocrx_word' id='word_1_227' title='bbox 649 3000 729 3061; x_wconf 85' lang='lat' dir='ltr'><strong>dicti</strong></span> <span class='ocrx_word' id='word_1_228' title='bbox 745 3000 877 3061; x_wconf 91' lang='lat' dir='ltr'><strong>Patricii</strong></span> <span class='ocrx_word' id='word_1_229' title='bbox 894 3001 1071 3061; x_wconf 85' lang='lat' dir='ltr'><strong>existencia</strong></span> <span class='ocrx_word' id='word_1_230' title='bbox 1087 3003 1152 3063; x_wconf 88' lang='lat' dir='ltr'><strong>sint</strong></span> <span class='ocrx_word' id='word_1_231' title='bbox 1168 3004 1248 3065; x_wconf 90' lang='lat' dir='ltr'><strong>dicti</strong></span> 
     </span>
     <span class='ocr_line' id='line_1_27' title="bbox 95 3094 1248 3178; baseline 0.001 -20"><span class='ocrx_word' id='word_1_232' title='bbox 95 3095 232 3158; x_wconf 89' lang='lat' dir='ltr'><strong>Patricii</strong></span> <span class='ocrx_word' id='word_1_233' title='bbox 254 3096 395 3178; x_wconf 88' lang='lat' dir='ltr'><strong>qualiter</strong></span> <span class='ocrx_word' id='word_1_234' title='bbox 420 3101 454 3158; x_wconf 91' lang='lat' dir='ltr'><strong>et</strong></span> <span class='ocrx_word' id='word_1_235' title='bbox 473 3117 537 3178; x_wconf 92' lang='lat' dir='ltr'><strong>quo</strong></span> <span class='ocrx_word' id='word_1_236' title='bbox 556 3094 656 3178; x_wconf 82' lang='lat' dir='ltr'><strong>jure3</strong></span> <span class='ocrx_word' id='word_1_237' title='bbox 677 3112 750 3177; x_wconf 87' lang='lat' dir='ltr'><strong>quae</strong></span> <span class='ocrx_word' id='word_1_238' title='bbox 765 3098 868 3158; x_wconf 91' lang='lat' dir='ltr'><strong>eciam</strong></span> <span class='ocrx_word' id='word_1_239' title='bbox 891 3094 1059 3178; x_wconf 88' lang='lat' dir='ltr'><strong>hospitalis</strong></span> <span class='ocrx_word' id='word_1_240' title='bbox 1081 3099 1226 3178; x_wconf 71' lang='lat' dir='ltr'><strong>praedicti</strong></span> <span class='ocrx_word' id='word_1_241' title='bbox 1238 3122 1248 3174; x_wconf 90' lang='lat'>;</span> 
     </span>
     <span class='ocr_line' id='line_1_28' title="bbox 95 3191 1247 3274; baseline 0.002 -21"><span class='ocrx_word' id='word_1_242' title='bbox 95 3211 222 3254; x_wconf 86' lang='lat' dir='ltr'><strong>necnon</strong></span> <span class='ocrx_word' id='word_1_243' title='bbox 237 3213 309 3273; x_wconf 85' lang='lat' dir='ltr'><strong>quae</strong></span> <span class='ocrx_word' id='word_1_244' title='bbox 324 3191 408 3253; x_wconf 87' lang='lat' dir='ltr'><strong>bona</strong></span> <span class='ocrx_word' id='word_1_245' title='bbox 423 3197 531 3253; x_wconf 82' lang='lat' dir='ltr'><strong>custos</strong></span> <span class='ocrx_word' id='word_1_246' title='bbox 553 3192 701 3274; x_wconf 88' lang='lat' dir='ltr'><strong>ejusdem</strong></span> <span class='ocrx_word' id='word_1_247' title='bbox 718 3191 886 3273; x_wconf 88' lang='lat' dir='ltr'><strong>hospitalis</strong></span> <span class='ocrx_word' id='word_1_248' title='bbox 910 3193 945 3252; x_wconf 93' lang='lat' dir='ltr'><strong>in</strong></span> <span class='ocrx_word' id='word_1_249' title='bbox 968 3193 1040 3274; x_wconf 90' lang='lat' dir='ltr'><strong>ipso</strong></span> <span class='ocrx_word' id='word_1_250' title='bbox 1056 3198 1090 3254; x_wconf 92' lang='lat' dir='ltr'><strong>et</strong></span> <span class='ocrx_word' id='word_1_251' title='bbox 1105 3193 1183 3254; x_wconf 91' lang='lat' dir='ltr'><strong>locis</strong></span> <span class='ocrx_word' id='word_1_252' title='bbox 1206 3194 1247 3255; x_wconf 91' lang='lat' dir='ltr'><strong>ad</strong></span> 
     </span>
     <span class='ocr_line' id='line_1_29' title="bbox 95 3287 1246 3370; baseline 0.003 -22"><span class='ocrx_word' id='word_1_253' title='bbox 95 3287 179 3350; x_wconf 90' lang='lat' dir='ltr'><strong>illud</strong></span> <span class='ocrx_word' id='word_1_254' title='bbox 204 3287 429 3370; x_wconf 84' lang='lat' dir='ltr'><strong>spectantibus</strong></span> <span class='ocrx_word' id='word_1_255' title='bbox 454 3294 527 3370; x_wconf 92' lang='lat' dir='ltr'><strong>post</strong></span> <span class='ocrx_word' id='word_1_256' title='bbox 554 3309 587 3350; x_wconf 91' lang='lat' dir='ltr'><strong>se</strong></span> <span class='ocrx_word' id='word_1_257' title='bbox 611 3289 778 3349; x_wconf 87' lang='lat' dir='ltr'><strong>dimittere</strong></span> <span class='ocrx_word' id='word_1_258' title='bbox 808 3294 983 3363; x_wconf 80' lang='lat' dir='ltr'><strong>teneatur3</strong></span> <span class='ocrx_word' id='word_1_259' title='bbox 1007 3295 1119 3350; x_wconf 88' lang='lat' dir='ltr'><strong>utrum</strong></span> <span class='ocrx_word' id='word_1_260' title='bbox 1143 3290 1246 3351; x_wconf 90' lang='lat' dir='ltr'><strong>eciam</strong></span> 
     </span>
     <span class='ocr_line' id='line_1_30' title="bbox 95 3381 1247 3466; baseline 0.001 -21"><span class='ocrx_word' id='word_1_261' title='bbox 95 3383 204 3445; x_wconf 88' lang='lat' dir='ltr'><strong>dictus</strong></span> <span class='ocrx_word' id='word_1_262' title='bbox 235 3383 396 3445; x_wconf 86' lang='lat' dir='ltr'><strong>Patricius</strong></span> <span class='ocrx_word' id='word_1_263' title='bbox 425 3384 466 3445; x_wconf 92' lang='lat' dir='ltr'><strong>de</strong></span> <span class='ocrx_word' id='word_1_264' title='bbox 496 3382 588 3445; x_wconf 89' lang='lat' dir='ltr'><strong>bonis</strong></span> <span class='ocrx_word' id='word_1_265' title='bbox 619 3384 685 3445; x_wconf 88' lang='lat' dir='ltr'><strong>suis</strong></span> <span class='ocrx_word' id='word_1_266' title='bbox 710 3384 846 3465; x_wconf 88' lang='lat' dir='ltr'><strong>propriis</strong></span> <span class='ocrx_word' id='word_1_267' title='bbox 869 3384 909 3445; x_wconf 96' lang='lat' dir='ltr'><strong>ad</strong></span> <span class='ocrx_word' id='word_1_268' title='bbox 932 3383 1056 3444; x_wconf 89' lang='lat' dir='ltr'><strong>dictum</strong></span> <span class='ocrx_word' id='word_1_269' title='bbox 1087 3381 1247 3466; x_wconf 88' lang='lat' dir='ltr'><strong>hospitale</strong></span> 
     </span>
     <span class='ocr_line' id='line_1_31' title="bbox 95 3478 1247 3562; baseline 0.003 -20"><span class='ocrx_word' id='word_1_270' title='bbox 95 3479 215 3556; x_wconf 86' lang='lat' dir='ltr'><strong>allatis,</strong></span> <span class='ocrx_word' id='word_1_271' title='bbox 242 3479 278 3541; x_wconf 92' lang='lat' dir='ltr'><strong>in</strong></span> <span class='ocrx_word' id='word_1_272' title='bbox 299 3479 509 3542; x_wconf 68' lang='lat' dir='ltr'><strong>aedificiorum</strong></span> <span class='ocrx_word' id='word_1_273' title='bbox 536 3478 683 3562; x_wconf 89' lang='lat' dir='ltr'><strong>ejusdem</strong></span> <span class='ocrx_word' id='word_1_274' title='bbox 709 3480 949 3540; x_wconf 91' lang='lat' dir='ltr'><strong>construccione</strong></span> <span class='ocrx_word' id='word_1_275' title='bbox 982 3497 1039 3542; x_wconf 90' lang='lat' dir='ltr'><strong>seu</strong></span> <span class='ocrx_word' id='word_1_276' title='bbox 1068 3479 1247 3545; x_wconf 89' lang='lat' dir='ltr'><strong>refeccione</strong></span> 
     </span>
     <span class='ocr_line' id='line_1_32' title="bbox 94 3574 1247 3658; baseline 0.003 -22"><span class='ocrx_word' id='word_1_277' title='bbox 94 3581 153 3637; x_wconf 89' lang='lat' dir='ltr'><strong>aut</strong></span> <span class='ocrx_word' id='word_1_278' title='bbox 176 3575 383 3657; x_wconf 87' lang='lat' dir='ltr'><strong>reparacione</strong></span> <span class='ocrx_word' id='word_1_279' title='bbox 411 3576 584 3658; x_wconf 80' lang='lat' dir='ltr'><strong>quicquam</strong></span> <span class='ocrx_word' id='word_1_280' title='bbox 610 3576 791 3637; x_wconf 89' lang='lat' dir='ltr'><strong>necessario</strong></span> <span class='ocrx_word' id='word_1_281' title='bbox 815 3574 867 3636; x_wconf 89' lang='lat' dir='ltr'><strong>vel</strong></span> <span class='ocrx_word' id='word_1_282' title='bbox 897 3574 1025 3636; x_wconf 85' lang='lat' dir='ltr'><strong>utiliter</strong></span> <span class='ocrx_word' id='word_1_283' title='bbox 1051 3579 1247 3658; x_wconf 89' lang='lat' dir='ltr'><strong>apposuerit,</strong></span> 
     </span>
     <span class='ocr_line' id='line_1_33' title="bbox 95 3671 1245 3754; baseline 0.003 -21"><span class='ocrx_word' id='word_1_284' title='bbox 95 3692 153 3734; x_wconf 88' lang='lat' dir='ltr'><strong>seu</strong></span> <span class='ocrx_word' id='word_1_285' title='bbox 168 3672 278 3754; x_wconf 90' lang='lat' dir='ltr'><strong>ipsum</strong></span> <span class='ocrx_word' id='word_1_286' title='bbox 293 3672 372 3733; x_wconf 89' lang='lat' dir='ltr'><strong>alias</strong></span> <span class='ocrx_word' id='word_1_287' title='bbox 386 3671 617 3747; x_wconf 87' lang='lat' dir='ltr'><strong>melioraverit,</strong></span> <span class='ocrx_word' id='word_1_288' title='bbox 632 3671 772 3753; x_wconf 85' lang='lat' dir='ltr'><strong>qualiter</strong></span> <span class='ocrx_word' id='word_1_289' title='bbox 796 3676 830 3732; x_wconf 93' lang='lat' dir='ltr'><strong>et</strong></span> <span class='ocrx_word' id='word_1_290' title='bbox 845 3672 879 3732; x_wconf 91' lang='lat' dir='ltr'><strong>in</strong></span> <span class='ocrx_word' id='word_1_291' title='bbox 896 3676 1018 3752; x_wconf 87' lang='lat' dir='ltr'><strong>quanto</strong></span> <span class='ocrx_word' id='word_1_292' title='bbox 1031 3691 1040 3745; x_wconf 94' lang='lat'>;</span> <span class='ocrx_word' id='word_1_293' title='bbox 1063 3692 1188 3734; x_wconf 90' lang='lat' dir='ltr'><strong>necnon</strong></span> <span class='ocrx_word' id='word_1_294' title='bbox 1204 3675 1245 3737; x_wconf 88' lang='lat' dir='ltr'><strong>ad</strong></span> 
     </span>
     <span class='ocr_line' id='line_1_34' title="bbox 94 3766 1247 3850; baseline 0.003 -21"><span class='ocrx_word' id='word_1_295' title='bbox 94 3766 302 3830; x_wconf 90' lang='lat' dir='ltr'><strong>liberandum</strong></span> <span class='ocrx_word' id='word_1_296' title='bbox 325 3773 361 3829; x_wconf 89' lang='lat' dir='ltr'><strong>et</strong></span> <span class='ocrx_word' id='word_1_297' title='bbox 382 3766 585 3829; x_wconf 85' lang='lat' dir='ltr'><strong>allocandum</strong></span> <span class='ocrx_word' id='word_1_298' title='bbox 609 3767 716 3828; x_wconf 90' lang='lat' dir='ltr'><strong>eidem</strong></span> <span class='ocrx_word' id='word_1_299' title='bbox 731 3766 873 3828; x_wconf 92' lang='lat' dir='ltr'><strong>Patricio</strong></span> <span class='ocrx_word' id='word_1_300' title='bbox 891 3766 975 3827; x_wconf 89' lang='lat' dir='ltr'><strong>bona</strong></span> <span class='ocrx_word' id='word_1_301' title='bbox 998 3767 1057 3828; x_wconf 88' lang='lat' dir='ltr'><strong>sub</strong></span> <span class='ocrx_word' id='word_1_302' title='bbox 1080 3775 1247 3850; x_wconf 91' lang='lat' dir='ltr'><strong>sequestro</strong></span> 
     </span>
     <span class='ocr_line' id='line_1_35' title="bbox 93 3862 1245 3946; baseline 0.003 -22"><span class='ocrx_word' id='word_1_303' title='bbox 93 3869 205 3926; x_wconf 85' lang='lat' dir='ltr'><strong>nostro</strong></span> <span class='ocrx_word' id='word_1_304' title='bbox 232 3863 420 3939; x_wconf 86' lang='lat' dir='ltr'><strong>existencia,</strong></span> <span class='ocrx_word' id='word_1_305' title='bbox 435 3883 507 3945; x_wconf 76' lang='lat' dir='ltr'><strong>quas</strong></span> <span class='ocrx_word' id='word_1_306' title='bbox 532 3863 681 3946; x_wconf 88' lang='lat' dir='ltr'><strong>legitime</strong></span> <span class='ocrx_word' id='word_1_307' title='bbox 707 3862 862 3924; x_wconf 88' lang='lat' dir='ltr'><strong>dicuntur</strong></span> <span class='ocrx_word' id='word_1_308' title='bbox 883 3882 952 3924; x_wconf 89' lang='lat' dir='ltr'><strong>esse</strong></span> <span class='ocrx_word' id='word_1_309' title='bbox 979 3883 1037 3924; x_wconf 90' lang='lat' dir='ltr'><strong>sua</strong></span> <span class='ocrx_word' id='word_1_310' title='bbox 1053 3864 1105 3926; x_wconf 86' lang='lat' dir='ltr'><strong>vel</strong></span> <span class='ocrx_word' id='word_1_311' title='bbox 1128 3865 1245 3943; x_wconf 87' lang='lat' dir='ltr'><strong>aliena,</strong></span> 
     </span>
     <span class='ocr_line' id='line_1_36' title="bbox 93 3957 1246 4041; baseline 0.003 -21"><span class='ocrx_word' id='word_1_312' title='bbox 93 3959 141 4021; x_wconf 85' lang='lat' dir='ltr'><strong>ita</strong></span> <span class='ocrx_word' id='word_1_313' title='bbox 157 3957 246 4041; x_wconf 93' lang='lat' dir='ltr'><strong>quod</strong></span> <span class='ocrx_word' id='word_1_314' title='bbox 268 3958 397 4039; x_wconf 89' lang='lat' dir='ltr'><strong>petenti</strong></span> <span class='ocrx_word' id='word_1_315' title='bbox 418 3958 554 4020; x_wconf 92' lang='lat' dir='ltr'><strong>cuilibet</strong></span> <span class='ocrx_word' id='word_1_316' title='bbox 575 3957 768 4040; x_wconf 86' lang='lat' dir='ltr'><strong>respondeat</strong></span> <span class='ocrx_word' id='word_1_317' title='bbox 792 3957 832 4019; x_wconf 90' lang='lat' dir='ltr'><strong>de</strong></span> <span class='ocrx_word' id='word_1_318' title='bbox 857 3957 991 4033; x_wconf 86' lang='lat' dir='ltr'><strong>eisdem,</strong></span> <span class='ocrx_word' id='word_1_319' title='bbox 1015 3958 1081 4020; x_wconf 91' lang='lat' dir='ltr'><strong>illis</strong></span> <span class='ocrx_word' id='word_1_320' title='bbox 1105 3980 1177 4041; x_wconf 86' lang='lat' dir='ltr'><strong>quae</strong></span> <span class='ocrx_word' id='word_1_321' title='bbox 1205 3963 1246 4024; x_wconf 89' lang='lat' dir='ltr'><strong>ad</strong></span> 
     </span>
     <span class='ocr_line' id='line_1_37' title="bbox 94 4052 1247 4141; baseline 0.003 -25"><span class='ocrx_word' id='word_1_322' title='bbox 94 4055 371 4117; x_wconf 84' lang='lat' dir='ltr'><strong>sustentacionem</strong></span> <span class='ocrx_word' id='word_1_323' title='bbox 394 4052 564 4138; x_wconf 88' lang='lat' dir='ltr'><strong>hospitalis</strong></span> <span class='ocrx_word' id='word_1_324' title='bbox 587 4054 734 4136; x_wconf 89' lang='lat' dir='ltr'><strong>praedicti</strong></span> <span class='ocrx_word' id='word_1_325' title='bbox 757 4073 924 4115; x_wconf 90' lang='lat' dir='ltr'><strong>remanere</strong></span> <span class='ocrx_word' id='word_1_326' title='bbox 947 4054 1087 4116; x_wconf 88' lang='lat' dir='ltr'><strong>debeant</strong></span> <span class='ocrx_word' id='word_1_327' title='bbox 1102 4056 1247 4141; x_wconf 84' lang='lat' dir='ltr'><strong>(conser-</strong></span> 
     </span>
     <span class='ocr_line' id='line_1_38' title="bbox 93 4146 1246 4234; baseline 0.002 -22"><span class='ocrx_word' id='word_1_328' title='bbox 93 4151 177 4212; x_wconf 84' lang='lat' dir='ltr'><strong>vatis</strong></span> <span class='ocrx_word' id='word_1_329' title='bbox 191 4146 413 4228; x_wconf 55' lang='lat' dir='ltr'><strong>andoliaed,</strong></span> <span class='ocrx_word' id='word_1_330' title='bbox 428 4148 501 4213; x_wconf 80' lang='lat' dir='ltr'><strong>aad</strong></span> <span class='ocrx_word' id='word_1_331' title='bbox 527 4169 603 4212; x_wconf 83' lang='lat' dir='ltr'><strong>ovar</strong></span> <span class='ocrx_word' id='word_1_332' title='bbox 625 4146 665 4226; x_wconf 76' lang='lat' dir='ltr'><strong>it,</strong></span> <span class='ocrx_word' id='word_1_333' title='bbox 689 4149 893 4234; x_wconf 88' lang='lat' dir='ltr'><strong>remansur&#39;),</strong></span> <span class='ocrx_word' id='word_1_334' title='bbox 918 4149 1115 4213; x_wconf 87' lang='lat' dir='ltr'><strong>denunciato</strong></span> <span class='ocrx_word' id='word_1_335' title='bbox 1139 4154 1246 4214; x_wconf 88' lang='lat' dir='ltr'><strong>eidem</strong></span> 
     </span>
     <span class='ocr_line' id='line_1_39' title="bbox 93 4245 1245 4329; baseline 0.002 -20"><span class='ocrx_word' id='word_1_336' title='bbox 93 4247 249 4325; x_wconf 89' lang='lat' dir='ltr'><strong>Patricio,</strong></span> <span class='ocrx_word' id='word_1_337' title='bbox 266 4266 324 4308; x_wconf 90' lang='lat' dir='ltr'><strong>seu</strong></span> <span class='ocrx_word' id='word_1_338' title='bbox 339 4246 410 4329; x_wconf 90' lang='lat' dir='ltr'><strong>ipso</strong></span> <span class='ocrx_word' id='word_1_339' title='bbox 425 4247 526 4309; x_wconf 89' lang='lat' dir='ltr'><strong>citato</strong></span> <span class='ocrx_word' id='word_1_340' title='bbox 540 4246 702 4329; x_wconf 83' lang='lat' dir='ltr'><strong>legitime,</strong></span> <span class='ocrx_word' id='word_1_341' title='bbox 717 4246 803 4327; x_wconf 92' lang='lat' dir='ltr'><strong>quod</strong></span> <span class='ocrx_word' id='word_1_342' title='bbox 826 4246 1034 4327; x_wconf 87' lang='lat' dir='ltr'><strong>inquisicioni</strong></span> <span class='ocrx_word' id='word_1_343' title='bbox 1057 4245 1245 4329; x_wconf 84' lang='lat' dir='ltr'><strong>hujusmodi</strong></span> 
     </span>
     <span class='ocr_line' id='line_1_40' title="bbox 92 4339 1248 4425; baseline 0 -21"><span class='ocrx_word' id='word_1_344' title='bbox 92 4343 190 4405; x_wconf 88' lang='lat' dir='ltr'><strong>certis</strong></span> <span class='ocrx_word' id='word_1_345' title='bbox 221 4342 276 4403; x_wconf 90' lang='lat' dir='ltr'><strong>die</strong></span> <span class='ocrx_word' id='word_1_346' title='bbox 306 4349 342 4404; x_wconf 94' lang='lat' dir='ltr'><strong>et</strong></span> <span class='ocrx_word' id='word_1_347' title='bbox 371 4342 440 4404; x_wconf 91' lang='lat' dir='ltr'><strong>loco</strong></span> <span class='ocrx_word' id='word_1_348' title='bbox 461 4362 542 4425; x_wconf 86' lang='lat' dir='ltr'><strong>quos</strong></span> <span class='ocrx_word' id='word_1_349' title='bbox 573 4342 612 4403; x_wconf 90' lang='lat' dir='ltr'><strong>ad</strong></span> <span class='ocrx_word' id='word_1_350' title='bbox 637 4339 697 4403; x_wconf 94' lang='lat' dir='ltr'><strong>hoc</strong></span> <span class='ocrx_word' id='word_1_351' title='bbox 720 4340 878 4402; x_wconf 82' lang='lat' dir='ltr'><strong>duxeritis</strong></span> <span class='ocrx_word' id='word_1_352' title='bbox 901 4341 1123 4424; x_wconf 86' lang='lat' dir='ltr'><strong>assignandos,</strong></span> <span class='ocrx_word' id='word_1_353' title='bbox 1146 4345 1248 4404; x_wconf 85' lang='lat' dir='ltr'><strong>inter-</strong></span> 
     </span>
     <span class='ocr_line' id='line_1_41' title="bbox 94 4437 1247 4522; baseline 0 -22"><span class='ocrx_word' id='word_1_354' title='bbox 94 4439 138 4501; x_wconf 88' lang='lat' dir='ltr'><strong>sit</strong></span> <span class='ocrx_word' id='word_1_355' title='bbox 159 4438 384 4522; x_wconf 85' lang='lat' dir='ltr'><strong>personaliter,</strong></span> <span class='ocrx_word' id='word_1_356' title='bbox 408 4439 434 4500; x_wconf 88' lang='lat' dir='ltr'><strong>si</strong></span> <span class='ocrx_word' id='word_1_357' title='bbox 459 4458 516 4501; x_wconf 86' lang='lat' dir='ltr'><strong>sua</strong></span> <span class='ocrx_word' id='word_1_358' title='bbox 538 4438 657 4500; x_wconf 88' lang='lat' dir='ltr'><strong>viderit</strong></span> <span class='ocrx_word' id='word_1_359' title='bbox 680 4439 849 4514; x_wconf 89' lang='lat' dir='ltr'><strong>interesse,</strong></span> <span class='ocrx_word' id='word_1_360' title='bbox 873 4437 975 4516; x_wconf 79' lang='lat' dir='ltr'><strong>rabia,</strong></span> <span class='ocrx_word' id='word_1_361' title='bbox 995 4438 1112 4499; x_wconf 85' lang='lat' dir='ltr'><strong>iterata</strong></span> <span class='ocrx_word' id='word_1_362' title='bbox 1135 4443 1247 4500; x_wconf 84' lang='lat' dir='ltr'><strong>tamen</strong></span> 
     </span>
    </p>
   </div>
   <div class='ocr_carea' id='block_1_5' title="bbox 159 4549 684 4598">
    <p class='ocr_par' dir='ltr' id='par_1_5' title="bbox 159 4549 684 4598">
     <span class='ocr_line' id='line_1_42' title="bbox 159 4549 684 4598; baseline -0.004 -2"><span class='ocrx_word' id='word_1_363' title='bbox 159 4549 234 4598; x_wconf 78' lang='lat' dir='ltr'><strong>vol..</strong></span> <span class='ocrx_word' id='word_1_364' title='bbox 250 4549 287 4595; x_wconf 90' lang='lat'><strong>11.</strong></span> <span class='ocrx_word' id='word_1_365' title='bbox 664 4549 684 4594; x_wconf 78' lang='lat' dir='ltr'><strong>a</strong></span> 
     </span>
    </p>
   </div>
   <div class='ocr_carea' id='block_1_6' title="bbox 0 0 1500 5010">
    <p class='ocr_par' dir='ltr' id='par_1_6' title="bbox 0 0 1500 5010">
     <span class='ocr_line' id='line_1_43' title="bbox 0 0 1500 5010; baseline 0 2"><span class='ocrx_word' id='word_1_366' title='bbox 0 0 1500 5010; x_wconf 95' lang='lat' dir='ltr'><strong> </strong></span> 
     </span>
    </p>
   </div>
  </div>
 </body>
</html>
