2992 5010
259 323 433 378 ιιιιιισιι
458 323 557 377 raou
583 324 680 376 roan
706 325 915 390 assumam
942 326 1095 380 usuros
1379 301 1425 377 95

163 488 362 569 Willelmus,
378 494 451 568 eta,
467 490 609 554 Waltero
623 492 664 555 de
679 492 801 575 Kerby,
816 492 979 554 Willelmo
1000 493 1041 555 de
1058 493 1289 581 Slyngesby‚(
1276 503 1384 607 (424)¹32

93 589 132 647 et
158 583 303 649 Johunni
328 583 523 665 Clotherom,
537 587 590 650 vel
624 607 736 649 eorum
758 588 895 664 duobus,
920 588 1069 666 salutem,
1093 590 1251 671 graciam,
1275 562 1407 667 0'321627'

94 684 134 742 et
170 679 446 744 benediccionem
510 681 639 745 Cum'
625 703 695 764 Jam
733 682 886 744 domiuus
919 688 1029 745 noster
1060 704 1118 746 rex
1151 683 1249 767 Angl.
1278 702 1409 747 mnsam

94 774 249 853 illustris,
278 780 408 886 propter
440 777 565 840 diversa
593 797 676 840 nora
707 798 779 860 quae
810 777 872 840 sibi
901 778 1008 840 indies
1037 776 1079 840 de
1107 762 1308 841 adventu&
1275 760 1363 864 calm

98 869 303 934 Scotorum
293 872 499 934 mimicorum
529 877 563 934 et
593 873 762 935 rebellium
792 893 923 936 suorum
947 878 981 935 et
1007 873 1101 983 regni
1123 873 1250 956 Angliae
1274 877 1373 923 lomim

97 965 323 1044 obveniunt,
309 985 380 1047 Jam
400 987 460 1048 per
482 973 591 1030 totum
613 969 805 1031 comitatum
828 968 936 1046 Ebor,
961 975 996 1030 et
1021 970 1124 1030 eciam
1147 989 1250 1051 usque
1274 942 1375 1048 Υιᾷ

98 1066 210 1145 partes
240 1059 362 1123 March’
390 1061 504 1125 fecerit
533 1063 663 1145 publice
687 1063 887 1145 proclamari,
911 1064 998 1173 quod
1024 1064 1165 1146 quilibet
1193 1064 1251 1126 do-
1274 1052 1416 1156 222⁶*

98 1158 222 1234 miuus,
237 1156 426 1266 temporalia
440 1155 574 1235 habens,
592 1164 708 1242 gentes
723 1163 757 1220 et
771 1157 920 1220 homiues
936 1161 986 1221 sui
1002 1160 1140 1222 dominii
1154 1158 1251 1222 faciat
1274 1169 1380 1215 callim

99 1252 304 1336 quamcicius
344 1254 464 1334 poterit
501 1256 639 1336 arrayari
677 1254 718 1316 ad
755 1254 972 1316 resistendum
1007 1259 1042 1316 et
1078 1255 1250 1318 relraenan·
1275 1185 1380 1288 nm?
1367 1260 1373 1273 '

100 1349 182 1412 dum
211 1368 288 1410 cum
317 1347 378 1409 Dei
400 1348 560 1430 adjutorio
586 1350 785 1411 maliciam
775 1350 982 1412 mimicorum
1012 1350 1251 1431 praedictorum,

103 1463 200 1525 super
222 1462 286 1524 quo
315 1442 403 1505 idem
425 1443 576 1505 dominus
603 1449 714 1506 noster
738 1465 795 1506 rex
825 1445 918 1507 nobis
945 1465 1002 1526 per
1038 1444 1147 1508 literas
1178 1467 1252 1509 suas

100 1538 278 1615 mandarit,
292 1537 429 1600 firmiter
443 1538 655 1621 injungendo,
670 1541 705 1600 in
728 1539 791 1602 fide
807 1546 842 1601 et
856 1540 1031 1602 dileccioue
1053 1541 1172 1622 quibua
1188 1543 1250 1604 sibi

101 1641 263 1712 tenemur,
283 1633 369 1715 quod
392 1654 451 1696 uos
469 1635 632 1718 assignare
655 1633 831 1697 faceremus
852 1636 977 1717 aliquos
995 1636 1036 1698 de
1062 1637 1249 1701 melioribus

102 1735 138 1792 et
151 1731 255 1814 magis
271 1730 505 1793 sufficientibus
520 1731 577 1812 qui
593 1736 671 1792 sunt
692 1730 733 1792 de
749 1730 892 1792 dominio
907 1736 1016 1792 nostro
1037 1731 1079 1793 ad
1101 1751 1251 1814 arrayan-

101 1825 182 1888 dum
205 1830 322 1908 gentes
349 1830 384 1887 et
409 1824 557 1888 homines
583 1831 708 1888 nostros
723 1826 764 1887 de
790 1826 934 1888 dominio
957 1831 1076 1904 nostro,
1092 1827 1140 1888 ita
1165 1826 1250 1907 quod

100 1922 243 2004 prompti
268 1927 303 1984 et
326 1922 429 2004 parati
456 1921 634 1984 secundum
650 1921 785 1984 formam
800 1921 896 1982 diotae
918 1921 1192 2002 proclamacionis,
1208 1921 1249 1983 ad

100 2018 257 2096 eundum,
272 2021 308 2079 et
323 2015 590 2098 proficiscendum
612 2036 687 2078 cum
709 2016 823 2077 eodem
838 2014 969 2077 domino
991 2034 1078 2098 rege,
1098 2036 1156 2077 seu
1175 2015 1249 2077 aliis

100 2132 181 2195 quos
195 2111 266 2175 loco
287 2131 345 2174 suo
367 2112 531 2194 assignare
554 2111 705 2189 voluerit,
719 2111 760 2172 ad
783 2111 999 2172 resistendum
1022 2114 1057 2172 et
1078 2109 1250 2172 refraenan-

101 2207 182 2270 dum
197 2205 364 2269 Scotorum
378 2206 551 2283 maliciam,
567 2208 652 2269 sicut
672 2206 864 2288 praedictum
887 2209 947 2268 est.
993 2204 1147 2279 Quocirca
1161 2205 1251 2270 vobis

101 2301 154 2364 vel
169 2305 312 2364 vestrum
334 2301 460 2364 duobus
482 2302 718 2364 committimus
733 2306 769 2362 et
783 2300 987 2379 mandamus,
1002 2322 1058 2363 vos
1073 2321 1225 2385 rogamus
1242 2302 1250 2339 ¹

101 2396 255 2479 quatinus
270 2416 327 2460 vos
340 2396 392 2459 vel
416 2397 481 2459 duo
496 2402 640 2459 vestrum
662 2402 777 2479 gentes
793 2401 827 2458 et
852 2394 1000 2459 homines
1024 2403 1150 2460 nostros
1165 2397 1251 2459 infra

101 2491 253 2555 ballivam
276 2496 418 2555 nostram
445 2491 562 2574 Ripon'
584 2492 625 2554 ad
649 2512 737 2554 arma
765 2492 922 2574 portanda
950 2489 1075 2555 habiles
1102 2498 1137 2555 et
1161 2493 1250 2555 suffi-

100 2588 226 2650 cientes
240 2588 404 2670 amystis,
418 2588 466 2649 ita
488 2586 573 2669 quod
587 2587 692 2668 parati
718 2587 785 2648 sint
806 2593 841 2649 et
856 2588 1051 2650 sufficienter
1071 2589 1192 2651 muniti
1207 2589 1248 2651 ad

102 2682 369 2765 proficiscendum
391 2702 466 2744 cum
483 2681 572 2744 dicto
586 2681 717 2743 domino
739 2688 848 2744 nostro
870 2703 956 2767 rege,
972 2704 1030 2746 seu
1052 2684 1249 2766 deputandis

48 2857 51 2861 .
101 2779 292 2860 peripsum,
306 2797 381 2840 cum
396 2797 491 2858 super
504 2774 565 2838 hoc
588 2776 711 2839 fuerint
725 2779 883 2860 requisiti,
899 2779 940 2841 ad
961 2779 1145 2842 faciendum
1160 2778 1248 2860 quod

103 2874 250 2955 superius
264 2877 314 2936 est
327 2891 523 2954 expressum.
569 2873 609 2934 In
624 2872 718 2955 cujus
732 2874 780 2935 rei
795 2876 1020 2937 testimonium
1036 2875 1145 2936 literas
1156 2875 1247 2937 vobis

102 2974 137 3031 et
165 2969 292 3032 duobus
321 2972 467 3029 vestrum
497 2967 565 3030 fieri
595 2969 729 3032 fecimus
759 2966 815 3030 has
839 2975 1000 3051 patentes.
1054 2969 1128 3031 Dat.
1156 2969 1243 3050 apud

101 3063 219 3146 Thorp'
231 3083 331 3146 prope
346 3062 441 3125 Ebor.
457 3062 537 3146 xvij⁰
554 3063 660 3128 Kal’u.
677 3064 850 3126 Novembr.
865 3065 960 3125 Anno
974 3064 1089 3146 graciae
1104 3066 1139 3124 et
1153 3066 1245 3144 pont.

101 3179 189 3241 prox.
206 3159 408 3241 supradictis.

167 3255 212 3317 Et
225 3253 469 3317 memorandum
484 3257 570 3338 quod
593 3256 714 3319 eisdem
737 3256 788 3318 die
815 3261 850 3317 et
871 3273 956 3316 anno
982 3252 1144 3314 emanavit
1169 3270 1246 3313 con·
1270 3259 1385 3307 lemelia

69 3430 71 3434 ,
102 3349 219 3412 similis
241 3351 422 3414 commissio
444 3350 576 3414 Thomae
599 3352 721 3434 Dryng,
736 3350 900 3412 Willelmo
926 3349 967 3411 de
991 3346 1186 3411 Bendeston'
1186 3317 1334 3426 ,etffm
1316 3384 1349 3424 2

103 3443 242 3506 Ricardo
256 3444 420 3529 Dousyng,
435 3468 493 3529 pro
508 3447 658 3510 libertate
673 3443 811 3509 Beuerl’.
1269 3451 1369 3483 anm

168 3614 322 3683 Edward
326 3642 384 3703 par
413 3623 445 3684 la
465 3642 559 3705 grace
582 3623 622 3684 de
646 3622 731 3684 Dieu
761 3621 823 3683 Roi
843 3619 1066 3703 Dengleterre,
1088 3618 1248 3704 Seigueur
1270 3636 1364 3683 'rhemi
1330 3636 1402 3696 argi-

102 3715 289 3795 Dirlaunde,
304 3722 339 3779 et
361 3717 448 3779 Ducs
470 3718 602 3799 Daquit.
625 3715 833 3779 alonmable
849 3717 938 3797 piere
953 3735 994 3776 eu
1011 3715 1107 3794 Dieu,
1122 3715 1174 3779 W.
1190 3736 1248 3798 par
1271 3693 1424 3813 'dmm

102 3812 134 3875 la
147 3812 282 3874 meisme
297 3830 392 3895 grace
406 3812 608 3894 Ercevesque
623 3812 740 3874 D..².
788 3811 1003 3894 Deugleterre
1027 3811 1139 3873 saluta.
1183 3812 1326 3874 Por
1271 3812 1326 3857 1
1312 3768 1372 3857 111·

101 3906 247 3970 sodeines
263 3913 298 3968 et
319 3903 529 3990 chargeantes
551 3907 695 3970 nouelles
709 3926 772 3988 que
795 3926 877 3968 nous
900 3910 1021 3968 renent
1044 3906 1121 3968 de
1106 3926 1183 3988 Jour
1205 3927 1246 3969 en
1269 3928 1312 3974 tue
1271 3871 1384 3974 ”Ulli

100 4006 193 4065 autre
208 4000 297 4063 dela
312 4021 415 4064 venue
431 4003 471 4065 de
487 4022 545 4064 noz
561 4023 693 4113 enemys
717 4002 857 4064 Descoce
876 4021 939 4082 que
954 4020 1035 4064 nous
1051 4008 1247 4065 sourvenent
1271 3988 1353 4046 W·

99 4099 248 4160 asseier.
273 4117 418 4160 .au0ms
441 4098 502 4161 fait
516 4097 594 4161 faire
609 4099 673 4161 cria
687 4098 805 4208 parmi]
796 4095 853 4158 le
877 4096 1002 4160 Counte
1018 4094 1197 4176 Deuerwyk
1212 4097 1247 4156 et

98 4193 212 4256 devera
227 4193 259 4256 la
272 4191 401 4256 marche
417 4214 481 4276 que
495 4192 634 4257 chescuu
650 4195 801 4278 seigneur
816 4193 884 4255 face
899 4193 1017 4254 arraier
1030 4192 1077 4253 les
1092 4196 1189 4274 gentz
1205 4188 1246 4250 de

99 4309 136 4352 sa
151 4290 341 4373 seigneurye
356 4310 438 4371 pour
452 4296 553 4353 rester
568 4291 599 4352 la
613 4290 727 4353 malice
742 4290 783 4352 de
798 4309 857 4350 noz
881 4333 889 4350 .
913 4332 921 4350 .
946 4288 973 4349 si
985 4307 1064 4349 vous
1079 4284 1247 4347 maudoms

279 4417 322 4484 (ι)
343 4415 447 4471 Should
459 4416 492 4472 be
504 4424 630 4486 rogantes.
821 4415 863 4486 (2)
880 4411 1069 4488 D[euerwylr].
