<?xml version="1.0" encoding="UTF-8"?>
<!DOCTYPE html PUBLIC "-//W3C//DTD XHTML 1.0 Transitional//EN"
    "http://www.w3.org/TR/xhtml1/DTD/xhtml1-transitional.dtd">
<html xmlns="http://www.w3.org/1999/xhtml" xml:lang="en" lang="en">
 <head>
  <title>
</title>
<meta http-equiv="Content-Type" content="text/html;charset=utf-8" />
  <meta name='ocr-system' content='tesseract 3.04.00' />
  <meta name='ocr-capabilities' content='ocr_page ocr_carea ocr_par ocr_line ocrx_word'/>
</head>
<body>
  <div class='ocr_page' id='page_1' title='image "./memorialschurch04fowlgoog_0123.png"; bbox 0 0 2992 5010; ppageno 0'>
   <div class='ocr_carea' id='block_1_1' title="bbox 632 342 1056 399">
    <p class='ocr_par' dir='ltr' id='par_1_1' title="bbox 632 342 1056 399">
     <span class='ocr_line' id='line_1_1' title="bbox 632 342 1056 399; baseline 0 -3"><span class='ocrx_word' id='word_1_1' title='bbox 632 342 840 397; x_wconf 72' lang='lat' dir='ltr'>uuuomsts</span> <span class='ocrx_word' id='word_1_2' title='bbox 865 343 910 397; x_wconf 77' lang='lat' dir='ltr'>OF</span> <span class='ocrx_word' id='word_1_3' title='bbox 936 343 1056 399; x_wconf 79' lang='lat' dir='ltr'>RIPON.</span> 
     </span>
    </p>
   </div>
   <div class='ocr_carea' id='block_1_2' title="bbox 96 511 1420 2876">
    <p class='ocr_par' dir='ltr' id='par_1_2' title="bbox 270 511 1420 1451">
     <span class='ocr_line' id='line_1_2' title="bbox 271 511 1419 597; baseline 0.003 -23"><span class='ocrx_word' id='word_1_4' title='bbox 271 512 344 576; x_wconf 89' lang='lat' dir='ltr'>tulo</span> <span class='ocrx_word' id='word_1_5' title='bbox 357 513 454 575; x_wconf 80' lang='lat' dir='ltr'>dictae</span> <span class='ocrx_word' id='word_1_6' title='bbox 469 511 612 575; x_wconf 75' lang='lat' dir='ltr'>ecclesie</span> <span class='ocrx_word' id='word_1_7' title='bbox 627 514 741 574; x_wconf 81' lang='lat' dir='ltr'>vestrae</span> <span class='ocrx_word' id='word_1_8' title='bbox 756 511 891 594; x_wconf 86' lang='lat' dir='ltr'>Rypon’‚</span> <span class='ocrx_word' id='word_1_9' title='bbox 901 511 943 574; x_wconf 86' lang='lat' dir='ltr'>ad</span> <span class='ocrx_word' id='word_1_10' title='bbox 957 511 1162 575; x_wconf 75' lang='lat' dir='ltr'>tractandum</span> <span class='ocrx_word' id='word_1_11' title='bbox 1178 517 1212 576; x_wconf 84' lang='lat' dir='ltr'>et</span> <span class='ocrx_word' id='word_1_12' title='bbox 1227 512 1419 597; x_wconf 87' lang='lat' dir='ltr'>impenden-</span> 
     </span>
     <span class='ocr_line' id='line_1_3' title="bbox 271 606 1418 691; baseline 0.002 -21"><span class='ocrx_word' id='word_1_13' title='bbox 271 606 351 670; x_wconf 93' lang='lat' dir='ltr'>dum</span> <span class='ocrx_word' id='word_1_14' title='bbox 366 627 458 670; x_wconf 87' lang='lat' dir='ltr'>suam</span> <span class='ocrx_word' id='word_1_15' title='bbox 473 627 584 670; x_wconf 82' lang='lat' dir='ltr'>sanem</span> <span class='ocrx_word' id='word_1_16' title='bbox 598 606 866 669; x_wconf 80' lang='lat' dir='ltr'>deliberacionem</span> <span class='ocrx_word' id='word_1_17' title='bbox 881 610 917 669; x_wconf 94' lang='lat' dir='ltr'>et</span> <span class='ocrx_word' id='word_1_18' title='bbox 930 608 1104 670; x_wconf 86' lang='lat' dir='ltr'>consilium</span> <span class='ocrx_word' id='word_1_19' title='bbox 1126 629 1223 691; x_wconf 89' lang='lat' dir='ltr'>super</span> <span class='ocrx_word' id='word_1_20' title='bbox 1236 613 1418 690; x_wconf 87' lang='lat' dir='ltr'>praemissis,</span> 
     </span>
     <span class='ocr_line' id='line_1_4' title="bbox 270 701 1418 785; baseline 0.002 -20"><span class='ocrx_word' id='word_1_21' title='bbox 270 707 308 765; x_wconf 89' lang='lat' dir='ltr'>et</span> <span class='ocrx_word' id='word_1_22' title='bbox 321 707 400 766; x_wconf 91' lang='lat' dir='ltr'>tunc</span> <span class='ocrx_word' id='word_1_23' title='bbox 415 723 492 766; x_wconf 90' lang='lat' dir='ltr'>eum</span> <span class='ocrx_word' id='word_1_24' title='bbox 505 702 751 766; x_wconf 88' lang='lat' dir='ltr'>continuacione</span> <span class='ocrx_word' id='word_1_25' title='bbox 766 701 893 765; x_wconf 91' lang='lat' dir='ltr'>dierum</span> <span class='ocrx_word' id='word_1_26' title='bbox 909 703 1179 785; x_wconf 89' lang='lat' dir='ltr'>subsequencium</span> <span class='ocrx_word' id='word_1_27' title='bbox 1194 705 1317 767; x_wconf 84' lang='lat' dir='ltr'>ibidem</span> <span class='ocrx_word' id='word_1_28' title='bbox 1332 706 1418 767; x_wconf 88' lang='lat' dir='ltr'>salu-</span> 
     </span>
     <span class='ocr_line' id='line_1_5' title="bbox 270 797 1419 882; baseline 0 -21"><span class='ocrx_word' id='word_1_29' title='bbox 270 797 373 861; x_wconf 79' lang='lat' dir='ltr'>briter</span> <span class='ocrx_word' id='word_1_30' title='bbox 386 798 562 882; x_wconf 88' lang='lat' dir='ltr'>contigerit</span> <span class='ocrx_word' id='word_1_31' title='bbox 575 797 732 876; x_wconf 89' lang='lat' dir='ltr'>ordinare,</span> <span class='ocrx_word' id='word_1_32' title='bbox 747 816 784 858; x_wconf 90' lang='lat' dir='ltr'>ac</span> <span class='ocrx_word' id='word_1_33' title='bbox 798 797 841 859; x_wconf 85' lang='lat' dir='ltr'>ed</span> <span class='ocrx_word' id='word_1_34' title='bbox 855 798 1111 879; x_wconf 90' lang='lat' dir='ltr'>proponendum,</span> <span class='ocrx_word' id='word_1_35' title='bbox 1126 800 1374 877; x_wconf 89' lang='lat' dir='ltr'>ostendendum,</span> <span class='ocrx_word' id='word_1_36' title='bbox 1384 806 1419 862; x_wconf 88' lang='lat' dir='ltr'>et</span> 
     </span>
     <span class='ocr_line' id='line_1_6' title="bbox 270 892 1419 976; baseline 0.001 -21"><span class='ocrx_word' id='word_1_37' title='bbox 270 893 483 976; x_wconf 88' lang='lat' dir='ltr'>probandum,</span> <span class='ocrx_word' id='word_1_38' title='bbox 497 913 555 976; x_wconf 92' lang='lat' dir='ltr'>pro</span> <span class='ocrx_word' id='word_1_39' title='bbox 566 892 706 958; x_wconf 89' lang='lat' dir='ltr'>termino</span> <span class='ocrx_word' id='word_1_40' title='bbox 714 892 846 974; x_wconf 74' lang='lat' dir='ltr'>preciso</span> <span class='ocrx_word' id='word_1_41' title='bbox 855 897 890 954; x_wconf 91' lang='lat' dir='ltr'>et</span> <span class='ocrx_word' id='word_1_42' title='bbox 900 895 1128 975; x_wconf 83' lang='lat' dir='ltr'>perempterio,</span> <span class='ocrx_word' id='word_1_43' title='bbox 1138 914 1268 956; x_wconf 84' lang='lat' dir='ltr'>causam</span> <span class='ocrx_word' id='word_1_44' title='bbox 1277 896 1419 956; x_wconf 87' lang='lat' dir='ltr'>raciona-</span> 
     </span>
     <span class='ocr_line' id='line_1_7' title="bbox 271 987 1420 1072; baseline 0 -20"><span class='ocrx_word' id='word_1_45' title='bbox 271 988 372 1052; x_wconf 89' lang='lat' dir='ltr'>bilem</span> <span class='ocrx_word' id='word_1_46' title='bbox 395 989 423 1050; x_wconf 87' lang='lat' dir='ltr'>si</span> <span class='ocrx_word' id='word_1_47' title='bbox 442 1009 540 1072; x_wconf 88' lang='lat' dir='ltr'>quam</span> <span class='ocrx_word' id='word_1_48' title='bbox 559 1008 617 1070; x_wconf 91' lang='lat' dir='ltr'>pro</span> <span class='ocrx_word' id='word_1_49' title='bbox 640 1007 673 1050; x_wconf 90' lang='lat' dir='ltr'>se</span> <span class='ocrx_word' id='word_1_50' title='bbox 695 987 848 1066; x_wconf 82' lang='lat' dir='ltr'>habeant,</span> <span class='ocrx_word' id='word_1_51' title='bbox 863 1007 963 1070; x_wconf 88' lang='lat' dir='ltr'>quare</span> <span class='ocrx_word' id='word_1_52' title='bbox 984 990 1148 1070; x_wconf 85' lang='lat' dir='ltr'>praemissa</span> <span class='ocrx_word' id='word_1_53' title='bbox 1169 990 1362 1051; x_wconf 89' lang='lat' dir='ltr'>nominatim</span> <span class='ocrx_word' id='word_1_54' title='bbox 1385 995 1420 1052; x_wconf 88' lang='lat' dir='ltr'>et</span> 
     </span>
     <span class='ocr_line' id='line_1_8' title="bbox 271 1080 1418 1166; baseline 0.002 -21"><span class='ocrx_word' id='word_1_55' title='bbox 271 1083 455 1166; x_wconf 74' lang='lat' dir='ltr'>specialiter</span> <span class='ocrx_word' id='word_1_56' title='bbox 476 1103 636 1166; x_wconf 86' lang='lat' dir='ltr'>expresse,</span> <span class='ocrx_word' id='word_1_57' title='bbox 659 1088 693 1146; x_wconf 88' lang='lat' dir='ltr'>et</span> <span class='ocrx_word' id='word_1_58' title='bbox 714 1083 789 1161; x_wconf 84' lang='lat' dir='ltr'>alie,</span> <span class='ocrx_word' id='word_1_59' title='bbox 809 1083 905 1145; x_wconf 85' lang='lat' dir='ltr'>utilia</span> <span class='ocrx_word' id='word_1_60' title='bbox 927 1103 985 1165; x_wconf 90' lang='lat' dir='ltr'>pro</span> <span class='ocrx_word' id='word_1_61' title='bbox 1007 1087 1097 1146; x_wconf 85' lang='lat' dir='ltr'>statu</span> <span class='ocrx_word' id='word_1_62' title='bbox 1119 1089 1154 1146; x_wconf 88' lang='lat' dir='ltr'>et</span> <span class='ocrx_word' id='word_1_63' title='bbox 1176 1080 1294 1147; x_wconf 80' lang='lat' dir='ltr'>honore&#39;</span> <span class='ocrx_word' id='word_1_64' title='bbox 1317 1086 1418 1166; x_wconf 86' lang='lat' dir='ltr'>ipsius</span> 
     </span>
     <span class='ocr_line' id='line_1_9' title="bbox 271 1178 1419 1261; baseline 0.002 -20"><span class='ocrx_word' id='word_1_65' title='bbox 271 1178 425 1254; x_wconf 73' lang='lat' dir='ltr'>ecclesie,</span> <span class='ocrx_word' id='word_1_66' title='bbox 438 1181 536 1260; x_wconf 88' lang='lat' dir='ltr'>prout</span> <span class='ocrx_word' id='word_1_67' title='bbox 550 1178 700 1261; x_wconf 85' lang='lat' dir='ltr'>expedire</span> <span class='ocrx_word' id='word_1_68' title='bbox 714 1178 870 1257; x_wconf 89' lang='lat' dir='ltr'>videritis,</span> <span class='ocrx_word' id='word_1_69' title='bbox 881 1179 1027 1241; x_wconf 92' lang='lat' dir='ltr'>ordinare</span> <span class='ocrx_word' id='word_1_70' title='bbox 1039 1185 1075 1241; x_wconf 85' lang='lat' dir='ltr'>et</span> <span class='ocrx_word' id='word_1_71' title='bbox 1088 1179 1192 1243; x_wconf 87' lang='lat' dir='ltr'>fucere</span> <span class='ocrx_word' id='word_1_72' title='bbox 1207 1200 1271 1243; x_wconf 91' lang='lat' dir='ltr'>non</span> <span class='ocrx_word' id='word_1_73' title='bbox 1281 1181 1419 1258; x_wconf 87' lang='lat' dir='ltr'>debetis,</span> 
     </span>
     <span class='ocr_line' id='line_1_10' title="bbox 272 1271 1419 1356; baseline 0 -21"><span class='ocrx_word' id='word_1_74' title='bbox 272 1277 308 1336; x_wconf 88' lang='lat' dir='ltr'>et</span> <span class='ocrx_word' id='word_1_75' title='bbox 322 1273 363 1336; x_wconf 84' lang='lat' dir='ltr'>ad</span> <span class='ocrx_word' id='word_1_76' title='bbox 385 1271 572 1335; x_wconf 87' lang='lat' dir='ltr'>faciendum</span> <span class='ocrx_word' id='word_1_77' title='bbox 593 1272 732 1335; x_wconf 87' lang='lat' dir='ltr'>ulterius</span> <span class='ocrx_word' id='word_1_78' title='bbox 755 1276 790 1335; x_wconf 89' lang='lat' dir='ltr'>et</span> <span class='ocrx_word' id='word_1_79' title='bbox 810 1271 1032 1353; x_wconf 89' lang='lat' dir='ltr'>recipiendum</span> <span class='ocrx_word' id='word_1_80' title='bbox 1048 1273 1135 1354; x_wconf 91' lang='lat' dir='ltr'>quod</span> <span class='ocrx_word' id='word_1_81' title='bbox 1156 1273 1316 1336; x_wconf 90' lang='lat' dir='ltr'>dictorum</span> <span class='ocrx_word' id='word_1_82' title='bbox 1338 1294 1419 1356; x_wconf 87' lang='lat' dir='ltr'>prae·</span> 
     </span>
     <span class='ocr_line' id='line_1_11' title="bbox 272 1367 1108 1451; baseline -0.001 -20"><span class='ocrx_word' id='word_1_83' title='bbox 272 1369 444 1432; x_wconf 87' lang='lat' dir='ltr'>missorum</span> <span class='ocrx_word' id='word_1_84' title='bbox 459 1367 600 1449; x_wconf 86' lang='lat' dir='ltr'>qualitas</span> <span class='ocrx_word' id='word_1_85' title='bbox 614 1369 649 1430; x_wconf 89' lang='lat' dir='ltr'>et</span> <span class='ocrx_word' id='word_1_86' title='bbox 663 1371 780 1430; x_wconf 86' lang='lat' dir='ltr'>natura</span> <span class='ocrx_word' id='word_1_87' title='bbox 795 1367 898 1451; x_wconf 77' lang='lat' dir='ltr'>exigit</span> <span class='ocrx_word' id='word_1_88' title='bbox 913 1371 948 1429; x_wconf 89' lang='lat' dir='ltr'>et</span> <span class='ocrx_word' id='word_1_89' title='bbox 962 1368 1108 1449; x_wconf 85' lang='lat' dir='ltr'>requirit</span> 
     </span>
    </p>

    <p class='ocr_par' dir='ltr' id='par_1_3' title="bbox 97 1461 1419 1545">
     <span class='ocr_line' id='line_1_12' title="bbox 97 1461 1419 1545; baseline 0 -19"><span class='ocrx_word' id='word_1_90' title='bbox 97 1476 208 1526; x_wconf 65' lang='lat' dir='ltr'>medon</span> <span class='ocrx_word' id='word_1_91' title='bbox 339 1461 473 1545; x_wconf 82' lang='lat' dir='ltr'>Copiam</span> <span class='ocrx_word' id='word_1_92' title='bbox 500 1463 634 1545; x_wconf 79' lang='lat' dir='ltr'>insuper</span> <span class='ocrx_word' id='word_1_93' title='bbox 663 1462 759 1525; x_wconf 84' lang='lat' dir='ltr'>dictae</span> <span class='ocrx_word' id='word_1_94' title='bbox 787 1462 955 1525; x_wconf 85' lang='lat' dir='ltr'>citacionis</span> <span class='ocrx_word' id='word_1_95' title='bbox 977 1463 1235 1544; x_wconf 79' lang='lat' dir='ltr'>procuratoribus</span> <span class='ocrx_word' id='word_1_96' title='bbox 1257 1465 1419 1526; x_wconf 91' lang='lat' dir='ltr'>dictorum</span> 
     </span>
    </p>

    <p class='ocr_par' dir='ltr' id='par_1_4' title="bbox 96 1534 1420 2119">
     <span class='ocr_line' id='line_1_13' title="bbox 96 1534 1419 1653; baseline -0.002 -32"><span class='ocrx_word' id='word_1_97' title='bbox 96 1534 239 1653; x_wconf 45' lang='lat' dir='ltr'>{fflffi</span> <span class='ocrx_word' id='word_1_98' title='bbox 272 1558 498 1622; x_wconf 89' lang='lat' dir='ltr'>canonicorum</span> <span class='ocrx_word' id='word_1_99' title='bbox 528 1558 675 1620; x_wconf 92' lang='lat' dir='ltr'>omnium</span> <span class='ocrx_word' id='word_1_100' title='bbox 705 1561 740 1620; x_wconf 88' lang='lat' dir='ltr'>et</span> <span class='ocrx_word' id='word_1_101' title='bbox 769 1557 973 1640; x_wconf 89' lang='lat' dir='ltr'>singulorum</span> <span class='ocrx_word' id='word_1_102' title='bbox 1003 1556 1220 1637; x_wconf 84' lang='lat' dir='ltr'>liberavimus,</span> <span class='ocrx_word' id='word_1_103' title='bbox 1250 1564 1285 1621; x_wconf 89' lang='lat' dir='ltr'>et</span> <span class='ocrx_word' id='word_1_104' title='bbox 1323 1580 1419 1640; x_wconf 90' lang='lat' dir='ltr'>super</span> 
     </span>
     <span class='ocr_line' id='line_1_14' title="bbox 271 1652 1420 1737; baseline -0.001 -20"><span class='ocrx_word' id='word_1_105' title='bbox 271 1652 378 1737; x_wconf 85' lang='lat' dir='ltr'>majus</span> <span class='ocrx_word' id='word_1_106' title='bbox 392 1653 493 1716; x_wconf 81' lang='lat' dir='ltr'>altare</span> <span class='ocrx_word' id='word_1_107' title='bbox 515 1653 617 1735; x_wconf 90' lang='lat' dir='ltr'>ipsius</span> <span class='ocrx_word' id='word_1_108' title='bbox 636 1652 779 1716; x_wconf 84' lang='lat' dir='ltr'>ecclesiae</span> <span class='ocrx_word' id='word_1_109' title='bbox 801 1652 996 1731; x_wconf 90' lang='lat' dir='ltr'>dimisimus,</span> <span class='ocrx_word' id='word_1_110' title='bbox 1011 1653 1120 1735; x_wconf 88' lang='lat' dir='ltr'>sicque</span> <span class='ocrx_word' id='word_1_111' title='bbox 1141 1654 1333 1715; x_wconf 87' lang='lat' dir='ltr'>mandatum</span> <span class='ocrx_word' id='word_1_112' title='bbox 1349 1674 1420 1716; x_wconf 89' lang='lat' dir='ltr'>ves·</span> 
     </span>
     <span class='ocr_line' id='line_1_15' title="bbox 271 1747 1420 1832; baseline -0.003 -19"><span class='ocrx_word' id='word_1_113' title='bbox 271 1754 360 1813; x_wconf 86' lang='lat' dir='ltr'>trum</span> <span class='ocrx_word' id='word_1_114' title='bbox 373 1749 586 1813; x_wconf 89' lang='lat' dir='ltr'>reverendum</span> <span class='ocrx_word' id='word_1_115' title='bbox 608 1749 644 1810; x_wconf 88' lang='lat' dir='ltr'>in</span> <span class='ocrx_word' id='word_1_116' title='bbox 666 1747 816 1811; x_wconf 86' lang='lat' dir='ltr'>omnibns</span> <span class='ocrx_word' id='word_1_117' title='bbox 838 1752 873 1810; x_wconf 90' lang='lat' dir='ltr'>et</span> <span class='ocrx_word' id='word_1_118' title='bbox 895 1748 1032 1832; x_wconf 88' lang='lat' dir='ltr'>singulis</span> <span class='ocrx_word' id='word_1_119' title='bbox 1054 1749 1121 1809; x_wconf 91' lang='lat' dir='ltr'>suis</span> <span class='ocrx_word' id='word_1_120' title='bbox 1142 1749 1285 1810; x_wconf 82' lang='lat' dir='ltr'>articulis</span> <span class='ocrx_word' id='word_1_121' title='bbox 1309 1768 1420 1810; x_wconf 86' lang='lat' dir='ltr'>sumus</span> 
     </span>
     <span class='ocr_line' id='line_1_16' title="bbox 270 1841 1419 1923; baseline -0.003 -15"><span class='ocrx_word' id='word_1_122' title='bbox 270 1849 465 1923; x_wconf 72' lang='lat' dir='ltr'>reverenter,</span> <span class='ocrx_word' id='word_1_123' title='bbox 487 1849 527 1907; x_wconf 92' lang='lat' dir='ltr'>ut</span> <span class='ocrx_word' id='word_1_124' title='bbox 552 1844 674 1920; x_wconf 90' lang='lat' dir='ltr'>decuit,</span> <span class='ocrx_word' id='word_1_125' title='bbox 698 1843 837 1907; x_wconf 82' lang='lat' dir='ltr'>executi.</span> <span class='ocrx_word' id='word_1_126' title='bbox 882 1841 1057 1907; x_wconf 85' lang='lat' dir='ltr'>Conservet</span> <span class='ocrx_word' id='word_1_127' title='bbox 1078 1864 1134 1906; x_wconf 87' lang='lat' dir='ltr'>vos</span> <span class='ocrx_word' id='word_1_128' title='bbox 1156 1843 1343 1906; x_wconf 86' lang='lat' dir='ltr'>Altissimus</span> <span class='ocrx_word' id='word_1_129' title='bbox 1365 1865 1419 1905; x_wconf 90' lang='lat' dir='ltr'>ec-</span> 
     </span>
     <span class='ocr_line' id='line_1_17' title="bbox 268 1938 1418 2023; baseline -0.002 -20"><span class='ocrx_word' id='word_1_130' title='bbox 268 1940 376 2004; x_wconf 83' lang='lat' dir='ltr'>olesiae</span> <span class='ocrx_word' id='word_1_131' title='bbox 398 1943 433 2002; x_wconf 86' lang='lat' dir='ltr'>et</span> <span class='ocrx_word' id='word_1_132' title='bbox 455 1940 575 2023; x_wconf 92' lang='lat' dir='ltr'>populo</span> <span class='ocrx_word' id='word_1_133' title='bbox 597 1959 656 2002; x_wconf 91' lang='lat' dir='ltr'>suo</span> <span class='ocrx_word' id='word_1_134' title='bbox 682 1938 821 2001; x_wconf 84' lang='lat' dir='ltr'>feliciter</span> <span class='ocrx_word' id='word_1_135' title='bbox 848 1958 907 2021; x_wconf 90' lang='lat' dir='ltr'>per</span> <span class='ocrx_word' id='word_1_136' title='bbox 935 1943 1081 2020; x_wconf 87' lang='lat' dir='ltr'>tempora</span> <span class='ocrx_word' id='word_1_137' title='bbox 1110 1940 1298 2001; x_wconf 87' lang='lat' dir='ltr'>successiva.</span> <span class='ocrx_word' id='word_1_138' title='bbox 1344 1938 1418 2002; x_wconf 85' lang='lat' dir='ltr'>Dat.</span> 
     </span>
     <span class='ocr_line' id='line_1_18' title="bbox 271 2033 1174 2119; baseline 0.001 -22"><span class='ocrx_word' id='word_1_139' title='bbox 271 2034 407 2119; x_wconf 83' lang='lat' dir='ltr'>Rypon&#39;‚</span> <span class='ocrx_word' id='word_1_140' title='bbox 422 2034 445 2118; x_wconf 87' lang='lat' dir='ltr'>ij</span> <span class='ocrx_word' id='word_1_141' title='bbox 462 2036 548 2098; x_wconf 86' lang='lat' dir='ltr'>Non.</span> <span class='ocrx_word' id='word_1_142' title='bbox 563 2035 688 2113; x_wconf 89' lang='lat' dir='ltr'>Marcii,</span> <span class='ocrx_word' id='word_1_143' title='bbox 704 2034 797 2095; x_wconf 84' lang='lat' dir='ltr'>Anno</span> <span class='ocrx_word' id='word_1_144' title='bbox 810 2034 926 2117; x_wconf 83' lang='lat' dir='ltr'>graciae</span> <span class='ocrx_word' id='word_1_145' title='bbox 941 2033 1174 2116; x_wconf 74' lang='lat' dir='ltr'>m⁰cco¹⁰⁰xxxj⁰.</span> 
     </span>
    </p>

    <p class='ocr_par' dir='ltr' id='par_1_5' title="bbox 97 2129 1419 2211">
     <span class='ocr_line' id='line_1_19' title="bbox 97 2129 1419 2211; baseline -0.001 -18"><span class='ocrx_word' id='word_1_146' title='bbox 97 2146 193 2207; x_wconf 69' lang='lat' dir='ltr'>nusp-</span> <span class='ocrx_word' id='word_1_147' title='bbox 338 2132 383 2193; x_wconf 87' lang='lat' dir='ltr'>Et</span> <span class='ocrx_word' id='word_1_148' title='bbox 396 2130 651 2208; x_wconf 87' lang='lat' dir='ltr'>memorandum,</span> <span class='ocrx_word' id='word_1_149' title='bbox 667 2129 753 2211; x_wconf 91' lang='lat' dir='ltr'>quod</span> <span class='ocrx_word' id='word_1_150' title='bbox 767 2129 854 2190; x_wconf 85' lang='lat' dir='ltr'>dicto</span> <span class='ocrx_word' id='word_1_151' title='bbox 868 2129 969 2191; x_wconf 86' lang='lat' dir='ltr'>tercio</span> <span class='ocrx_word' id='word_1_152' title='bbox 983 2129 1037 2191; x_wconf 92' lang='lat' dir='ltr'>die</span> <span class='ocrx_word' id='word_1_153' title='bbox 1055 2129 1195 2210; x_wconf 92' lang='lat' dir='ltr'>juridico</span> <span class='ocrx_word' id='word_1_154' title='bbox 1209 2135 1283 2211; x_wconf 87' lang='lat' dir='ltr'>post</span> <span class='ocrx_word' id='word_1_155' title='bbox 1297 2130 1419 2192; x_wconf 85' lang='lat' dir='ltr'>festum</span> 
     </span>
    </p>

    <p class='ocr_par' dir='ltr' id='par_1_6' title="bbox 98 2204 1420 2311">
     <span class='ocr_line' id='line_1_20' title="bbox 98 2204 1420 2311; baseline -0.002 -20"><span class='ocrx_word' id='word_1_156' title='bbox 98 2204 223 2311; x_wconf 52' lang='lat' dir='ltr'>”⁸¹⁰⁶ssss</span> <span class='ocrx_word' id='word_1_157' title='bbox 273 2225 384 2290; x_wconf 81' lang='lat' dir='ltr'>Sancti</span> <span class='ocrx_word' id='word_1_158' title='bbox 393 2222 971 2310; x_wconf 82' lang='lat' dir='ltr'>Gregoriipepae,mcgistriRobertus</span> <span class='ocrx_word' id='word_1_159' title='bbox 982 2223 1023 2286; x_wconf 89' lang='lat' dir='ltr'>de</span> <span class='ocrx_word' id='word_1_160' title='bbox 1032 2222 1156 2285; x_wconf 83' lang='lat' dir='ltr'>Baldok</span> <span class='ocrx_word' id='word_1_161' title='bbox 1166 2229 1200 2285; x_wconf 91' lang='lat' dir='ltr'>et</span> <span class='ocrx_word' id='word_1_162' title='bbox 1209 2224 1370 2287; x_wconf 88' lang='lat' dir='ltr'>Robertus</span> <span class='ocrx_word' id='word_1_163' title='bbox 1379 2226 1420 2288; x_wconf 91' lang='lat' dir='ltr'>de</span> 
     </span>
    </p>

    <p class='ocr_par' dir='ltr' id='par_1_7' title="bbox 97 2277 1420 2876">
     <span class='ocr_line' id='line_1_21' title="bbox 97 2277 1419 2403; baseline -0.001 -21"><span class='ocrx_word' id='word_1_164' title='bbox 97 2277 243 2382; x_wconf 49' lang='lat' dir='ltr'>wne.</span> <span class='ocrx_word' id='word_1_165' title='bbox 272 2320 498 2403; x_wconf 84' lang='lat' dir='ltr'>Bridelingtcn</span> <span class='ocrx_word' id='word_1_166' title='bbox 513 2319 735 2401; x_wconf 84' lang='lat' dir='ltr'>personaliter,</span> <span class='ocrx_word' id='word_1_167' title='bbox 747 2322 782 2379; x_wconf 91' lang='lat' dir='ltr'>et</span> <span class='ocrx_word' id='word_1_168' title='bbox 797 2317 951 2399; x_wconf 76' lang='lat' dir='ltr'>magister</span> <span class='ocrx_word' id='word_1_169' title='bbox 959 2317 1083 2379; x_wconf 83' lang='lat' dir='ltr'>Alanus</span> <span class='ocrx_word' id='word_1_170' title='bbox 1097 2318 1139 2380; x_wconf 88' lang='lat' dir='ltr'>de</span> <span class='ocrx_word' id='word_1_171' title='bbox 1151 2316 1419 2403; x_wconf 84' lang='lat' dir='ltr'>Coningesburgh</span> 
     </span>
     <span class='ocr_line' id='line_1_22' title="bbox 273 2409 1420 2497; baseline 0 -20"><span class='ocrx_word' id='word_1_172' title='bbox 273 2434 331 2497; x_wconf 90' lang='lat' dir='ltr'>per</span> <span class='ocrx_word' id='word_1_173' title='bbox 353 2413 537 2477; x_wconf 84' lang='lat' dir='ltr'>Johunnem</span> <span class='ocrx_word' id='word_1_174' title='bbox 563 2412 604 2474; x_wconf 90' lang='lat' dir='ltr'>de</span> <span class='ocrx_word' id='word_1_175' title='bbox 629 2409 908 2495; x_wconf 85' lang='lat' dir='ltr'>Coniugesburgh,</span> <span class='ocrx_word' id='word_1_176' title='bbox 927 2411 1052 2473; x_wconf 90' lang='lat' dir='ltr'>domini</span> <span class='ocrx_word' id='word_1_177' title='bbox 1075 2432 1150 2474; x_wconf 89' lang='lat' dir='ltr'>vero</span> <span class='ocrx_word' id='word_1_178' title='bbox 1172 2413 1356 2476; x_wconf 89' lang='lat' dir='ltr'>Willelmus</span> <span class='ocrx_word' id='word_1_179' title='bbox 1378 2415 1420 2476; x_wconf 90' lang='lat' dir='ltr'>de</span> 
     </span>
     <span class='ocr_line' id='line_1_23' title="bbox 273 2503 1420 2588; baseline -0.001 -17"><span class='ocrx_word' id='word_1_180' title='bbox 273 2509 430 2573; x_wconf 83' lang='lat' dir='ltr'>Ousancie</span> <span class='ocrx_word' id='word_1_181' title='bbox 444 2526 502 2588; x_wconf 93' lang='lat' dir='ltr'>per</span> <span class='ocrx_word' id='word_1_182' title='bbox 516 2506 694 2569; x_wconf 89' lang='lat' dir='ltr'>Robertum</span> <span class='ocrx_word' id='word_1_183' title='bbox 708 2505 750 2569; x_wconf 90' lang='lat' dir='ltr'>de</span> <span class='ocrx_word' id='word_1_184' title='bbox 765 2503 972 2583; x_wconf 85' lang='lat' dir='ltr'>Nevenham,</span> <span class='ocrx_word' id='word_1_185' title='bbox 984 2510 1019 2567; x_wconf 88' lang='lat' dir='ltr'>et</span> <span class='ocrx_word' id='word_1_186' title='bbox 1032 2506 1054 2568; x_wconf 87' lang='lat' dir='ltr'>J</span> <span class='ocrx_word' id='word_1_187' title='bbox 1055 2503 1198 2568; x_wconf 85' lang='lat' dir='ltr'>ohannes</span> <span class='ocrx_word' id='word_1_188' title='bbox 1213 2507 1253 2568; x_wconf 90' lang='lat' dir='ltr'>de</span> <span class='ocrx_word' id='word_1_189' title='bbox 1269 2509 1420 2572; x_wconf 87' lang='lat' dir='ltr'>Euerdon</span> 
     </span>
     <span class='ocr_line' id='line_1_24' title="bbox 273 2598 1419 2687; baseline 0 -21"><span class='ocrx_word' id='word_1_190' title='bbox 273 2624 332 2687; x_wconf 82' lang='lat' dir='ltr'>per</span> <span class='ocrx_word' id='word_1_191' title='bbox 346 2603 515 2666; x_wconf 92' lang='lat' dir='ltr'>dominum</span> <span class='ocrx_word' id='word_1_192' title='bbox 530 2602 552 2664; x_wconf 89' lang='lat' dir='ltr'><strong>J</strong></span> <span class='ocrx_word' id='word_1_193' title='bbox 553 2599 713 2663; x_wconf 87' lang='lat' dir='ltr'>ohannem</span> <span class='ocrx_word' id='word_1_194' title='bbox 729 2601 769 2663; x_wconf 93' lang='lat' dir='ltr'>de</span> <span class='ocrx_word' id='word_1_195' title='bbox 785 2598 989 2684; x_wconf 84' lang='lat' dir='ltr'>Conington&#39;,</span> <span class='ocrx_word' id='word_1_196' title='bbox 1005 2604 1040 2661; x_wconf 88' lang='lat' dir='ltr'>et</span> <span class='ocrx_word' id='word_1_197' title='bbox 1061 2601 1084 2663; x_wconf 90' lang='lat' dir='ltr'><strong>J</strong></span> <span class='ocrx_word' id='word_1_198' title='bbox 1084 2598 1227 2662; x_wconf 86' lang='lat' dir='ltr'>ohannes</span> <span class='ocrx_word' id='word_1_199' title='bbox 1250 2601 1281 2663; x_wconf 88' lang='lat' dir='ltr'>le</span> <span class='ocrx_word' id='word_1_200' title='bbox 1298 2602 1419 2683; x_wconf 88' lang='lat' dir='ltr'>Smale,</span> 
     </span>
     <span class='ocr_line' id='line_1_25' title="bbox 273 2691 1419 2782; baseline -0.001 -21"><span class='ocrx_word' id='word_1_201' title='bbox 273 2698 420 2782; x_wconf 90' lang='lat' dir='ltr'>ejusdem</span> <span class='ocrx_word' id='word_1_202' title='bbox 429 2697 572 2758; x_wconf 85' lang='lat' dir='ltr'>eeclesiae</span> <span class='ocrx_word' id='word_1_203' title='bbox 583 2696 698 2778; x_wconf 82' lang='lat' dir='ltr'>Rypon</span> <span class='ocrx_word' id='word_1_204' title='bbox 710 2695 867 2772; x_wconf 86' lang='lat' dir='ltr'>canonici,</span> <span class='ocrx_word' id='word_1_205' title='bbox 877 2714 936 2776; x_wconf 89' lang='lat' dir='ltr'>per</span> <span class='ocrx_word' id='word_1_206' title='bbox 949 2694 971 2756; x_wconf 87' lang='lat' dir='ltr'>J</span> <span class='ocrx_word' id='word_1_207' title='bbox 972 2691 1132 2756; x_wconf 80' lang='lat' dir='ltr'>ohannem</span> <span class='ocrx_word' id='word_1_208' title='bbox 1140 2694 1181 2757; x_wconf 90' lang='lat' dir='ltr'>de</span> <span class='ocrx_word' id='word_1_209' title='bbox 1192 2695 1419 2774; x_wconf 86' lang='lat' dir='ltr'>Didoneshale,</span> 
     </span>
     <span class='ocr_line' id='line_1_26' title="bbox 273 2788 1419 2876; baseline 0 -21"><span class='ocrx_word' id='word_1_210' title='bbox 273 2797 494 2876; x_wconf 88' lang='lat' dir='ltr'>procuratores</span> <span class='ocrx_word' id='word_1_211' title='bbox 510 2811 583 2853; x_wconf 88' lang='lat' dir='ltr'>suos</span> <span class='ocrx_word' id='word_1_212' title='bbox 604 2791 640 2852; x_wconf 94' lang='lat' dir='ltr'>in</span> <span class='ocrx_word' id='word_1_213' title='bbox 662 2788 724 2853; x_wconf 87' lang='lat' dir='ltr'>hac</span> <span class='ocrx_word' id='word_1_214' title='bbox 746 2794 838 2873; x_wconf 83' lang='lat' dir='ltr'>purte</span> <span class='ocrx_word' id='word_1_215' title='bbox 860 2789 1065 2868; x_wconf 85' lang='lat' dir='ltr'>constitutos,</span> <span class='ocrx_word' id='word_1_216' title='bbox 1080 2798 1331 2872; x_wconf 84' lang='lat' dir='ltr'>comparuerunt</span> <span class='ocrx_word' id='word_1_217' title='bbox 1350 2793 1419 2855; x_wconf 86' lang='lat' dir='ltr'>loeo</span> 
     </span>
    </p>
   </div>
   <div class='ocr_carea' id='block_1_3' title="bbox 273 2887 615 2970">
    <p class='ocr_par' dir='ltr' id='par_1_8' title="bbox 273 2887 615 2970">
     <span class='ocr_line' id='line_1_27' title="bbox 273 2887 615 2970; baseline -0.003 -19"><span class='ocrx_word' id='word_1_218' title='bbox 273 2887 424 2970; x_wconf 88' lang='lat' dir='ltr'>superius</span> <span class='ocrx_word' id='word_1_219' title='bbox 439 2888 615 2951; x_wconf 86' lang='lat' dir='ltr'>nominato.</span> 
     </span>
    </p>
   </div>
   <div class='ocr_carea' id='block_1_4' title="bbox 99 3020 1420 3148">
    <p class='ocr_par' dir='ltr' id='par_1_9' title="bbox 99 3020 1420 3148">
     <span class='ocr_line' id='line_1_28' title="bbox 99 3020 1420 3148; baseline 0.002 -22"><span class='ocrx_word' id='word_1_220' title='bbox 99 3079 158 3141; x_wconf 76' lang='lat' dir='ltr'>(es)</span> <span class='ocrx_word' id='word_1_221' title='bbox 340 3065 534 3144; x_wconf 89' lang='lat' dir='ltr'>Willelmus,</span> <span class='ocrx_word' id='word_1_222' title='bbox 550 3069 613 3128; x_wconf 88' lang='lat' dir='ltr'>etc.</span> <span class='ocrx_word' id='word_1_223' title='bbox 631 3065 752 3127; x_wconf 88' lang='lat' dir='ltr'>dilecto</span> <span class='ocrx_word' id='word_1_224' title='bbox 777 3063 845 3127; x_wconf 91' lang='lat' dir='ltr'>filio</span> <span class='ocrx_word' id='word_1_225' title='bbox 866 3020 1032 3127; x_wconf 87' lang='lat' dir='ltr'>Willelmo</span> <span class='ocrx_word' id='word_1_226' title='bbox 1056 3064 1098 3127; x_wconf 91' lang='lat' dir='ltr'>de</span> <span class='ocrx_word' id='word_1_227' title='bbox 1120 3062 1248 3148; x_wconf 85' lang='lat' dir='ltr'>Thorp&#39;,</span> <span class='ocrx_word' id='word_1_228' title='bbox 1263 3068 1420 3148; x_wconf 88' lang='lat' dir='ltr'>receptori</span> 
     </span>
    </p>
   </div>
   <div class='ocr_carea' id='block_1_5' title="bbox 99 3137 1421 3245">
    <p class='ocr_par' dir='ltr' id='par_1_10' title="bbox 99 3137 1421 3245">
     <span class='ocr_line' id='line_1_29' title="bbox 99 3137 1421 3245; baseline 0.005 -26"><span class='ocrx_word' id='word_1_229' title='bbox 99 3137 250 3244; x_wconf 51' lang='lat' dir='ltr'>35¹2}le</span> <span class='ocrx_word' id='word_1_230' title='bbox 274 3167 383 3225; x_wconf 88' lang='lat' dir='ltr'>nostro</span> <span class='ocrx_word' id='word_1_231' title='bbox 397 3161 484 3244; x_wconf 87' lang='lat' dir='ltr'>apud</span> <span class='ocrx_word' id='word_1_232' title='bbox 499 3160 627 3243; x_wconf 88' lang='lat' dir='ltr'>Ripon’,</span> <span class='ocrx_word' id='word_1_233' title='bbox 637 3160 786 3240; x_wconf 84' lang='lat' dir='ltr'>salutem,</span> <span class='ocrx_word' id='word_1_234' title='bbox 797 3160 948 3245; x_wconf 80' lang='lat' dir='ltr'>graciam,</span> <span class='ocrx_word' id='word_1_235' title='bbox 961 3165 996 3224; x_wconf 91' lang='lat' dir='ltr'>et</span> <span class='ocrx_word' id='word_1_236' title='bbox 1009 3160 1282 3224; x_wconf 89' lang='lat' dir='ltr'>benediccionem.</span> <span class='ocrx_word' id='word_1_237' title='bbox 1304 3161 1421 3224; x_wconf 90' lang='lat' dir='ltr'>Libera</span> 
     </span>
    </p>
   </div>
   <div class='ocr_carea' id='block_1_6' title="bbox 100 3255 1422 3435">
    <p class='ocr_par' dir='ltr' id='par_1_11' title="bbox 100 3255 1422 3435">
     <span class='ocr_line' id='line_1_30' title="bbox 100 3255 1422 3342; baseline -0.005 -17"><span class='ocrx_word' id='word_1_238' title='bbox 100 3278 222 3339; x_wconf 64' lang='lat' dir='ltr'>accepere</span> <span class='ocrx_word' id='word_1_239' title='bbox 275 3259 430 3342; x_wconf 84' lang='lat' dir='ltr'>magistro</span> <span class='ocrx_word' id='word_1_240' title='bbox 452 3257 589 3319; x_wconf 85' lang='lat' dir='ltr'>Ricardo</span> <span class='ocrx_word' id='word_1_241' title='bbox 614 3257 645 3318; x_wconf 94' lang='lat' dir='ltr'>le</span> <span class='ocrx_word' id='word_1_242' title='bbox 675 3256 807 3335; x_wconf 88' lang='lat' dir='ltr'>Ferour,</span> <span class='ocrx_word' id='word_1_243' title='bbox 836 3256 931 3319; x_wconf 88' lang='lat' dir='ltr'>latori</span> <span class='ocrx_word' id='word_1_244' title='bbox 960 3256 1181 3339; x_wconf 76' lang='lat' dir='ltr'>presencium,</span> <span class='ocrx_word' id='word_1_245' title='bbox 1211 3255 1251 3319; x_wconf 96' lang='lat' dir='ltr'>de</span> <span class='ocrx_word' id='word_1_246' title='bbox 1281 3256 1422 3319; x_wconf 88' lang='lat' dir='ltr'>denariis</span> 
     </span>
     <span class='ocr_line' id='line_1_31' title="bbox 100 3344 1422 3435; baseline -0.001 -20"><span class='ocrx_word' id='word_1_247' title='bbox 100 3344 177 3384; x_wconf 73' lang='lat' dir='ltr'>mero</span> <span class='ocrx_word' id='word_1_248' title='bbox 275 3355 394 3416; x_wconf 86' lang='lat' dir='ltr'>nostris</span> <span class='ocrx_word' id='word_1_249' title='bbox 416 3354 450 3415; x_wconf 96' lang='lat' dir='ltr'>id</span> <span class='ocrx_word' id='word_1_250' title='bbox 476 3373 541 3434; x_wconf 89' lang='lat' dir='ltr'>quo.</span> <span class='ocrx_word' id='word_1_251' title='bbox 565 3353 744 3435; x_wconf 86' lang='lat' dir='ltr'>indiguerit</span> <span class='ocrx_word' id='word_1_252' title='bbox 762 3350 858 3434; x_wconf 84' lang='lat' dir='ltr'>juxta</span> <span class='ocrx_word' id='word_1_253' title='bbox 880 3352 985 3414; x_wconf 89' lang='lat' dir='ltr'>visum</span> <span class='ocrx_word' id='word_1_254' title='bbox 1010 3356 1108 3413; x_wconf 88' lang='lat' dir='ltr'>tuum</span> <span class='ocrx_word' id='word_1_255' title='bbox 1130 3371 1188 3433; x_wconf 90' lang='lat' dir='ltr'>pro</span> <span class='ocrx_word' id='word_1_256' title='bbox 1217 3352 1422 3434; x_wconf 86' lang='lat' dir='ltr'>providencia</span> 
     </span>
    </p>
   </div>
   <div class='ocr_carea' id='block_1_7' title="bbox 95 3396 1422 3530">
    <p class='ocr_par' dir='ltr' id='par_1_12' title="bbox 95 3396 1422 3530">
     <span class='ocr_line' id='line_1_32' title="bbox 95 3396 1422 3530; baseline -0.004 -16"><span class='ocrx_word' id='word_1_257' title='bbox 95 3396 247 3524; x_wconf 40' lang='lat' dir='ltr'>madrid</span> <span class='ocrx_word' id='word_1_258' title='bbox 275 3449 354 3511; x_wconf 86' lang='lat' dir='ltr'>foeni</span> <span class='ocrx_word' id='word_1_259' title='bbox 376 3448 522 3510; x_wconf 85' lang='lat' dir='ltr'>facienda</span> <span class='ocrx_word' id='word_1_260' title='bbox 543 3453 653 3509; x_wconf 86' lang='lat' dir='ltr'>contra</span> <span class='ocrx_word' id='word_1_261' title='bbox 677 3446 856 3508; x_wconf 88' lang='lat' dir='ltr'>adventum</span> <span class='ocrx_word' id='word_1_262' title='bbox 879 3452 1027 3509; x_wconf 91' lang='lat' dir='ltr'>nostrum</span> <span class='ocrx_word' id='word_1_263' title='bbox 1052 3448 1139 3528; x_wconf 86' lang='lat' dir='ltr'>apud</span> <span class='ocrx_word' id='word_1_264' title='bbox 1166 3448 1285 3530; x_wconf 76' lang='lat' dir='ltr'>Rypon</span> <span class='ocrx_word' id='word_1_265' title='bbox 1307 3452 1343 3510; x_wconf 88' lang='lat' dir='ltr'>et</span> <span class='ocrx_word' id='word_1_266' title='bbox 1364 3467 1422 3529; x_wconf 91' lang='lat' dir='ltr'>pro</span> 
     </span>
    </p>
   </div>
   <div class='ocr_carea' id='block_1_8' title="bbox 92 3513 1421 3623">
    <p class='ocr_par' dir='ltr' id='par_1_13' title="bbox 92 3513 1421 3623">
     <span class='ocr_line' id='line_1_33' title="bbox 92 3513 1421 3623; baseline 0.005 -24"><span class='ocrx_word' id='word_1_267' title='bbox 92 3513 164 3572; x_wconf 68' lang='lat' dir='ltr'>sm.</span> <span class='ocrx_word' id='word_1_268' title='bbox 274 3564 364 3605; x_wconf 88' lang='lat' dir='ltr'>mora</span> <span class='ocrx_word' id='word_1_269' title='bbox 378 3549 486 3604; x_wconf 86' lang='lat' dir='ltr'>nostra</span> <span class='ocrx_word' id='word_1_270' title='bbox 500 3542 582 3604; x_wconf 92' lang='lat' dir='ltr'>inibi</span> <span class='ocrx_word' id='word_1_271' title='bbox 593 3541 752 3619; x_wconf 87' lang='lat' dir='ltr'>facienda,</span> <span class='ocrx_word' id='word_1_272' title='bbox 763 3542 816 3602; x_wconf 90' lang='lat' dir='ltr'>cui</span> <span class='ocrx_word' id='word_1_273' title='bbox 831 3540 872 3602; x_wconf 88' lang='lat' dir='ltr'>ed</span> <span class='ocrx_word' id='word_1_274' title='bbox 887 3539 985 3623; x_wconf 89' lang='lat' dir='ltr'>hujus</span> <span class='ocrx_word' id='word_1_275' title='bbox 993 3542 1231 3622; x_wconf 82' lang='lat' dir='ltr'>providenciam</span> <span class='ocrx_word' id='word_1_276' title='bbox 1241 3542 1421 3606; x_wconf 87' lang='lat' dir='ltr'>faciendam</span> 
     </span>
    </p>
   </div>
   <div class='ocr_carea' id='block_1_9' title="bbox 274 3635 1422 4196">
    <p class='ocr_par' dir='ltr' id='par_1_14' title="bbox 274 3635 1422 4196">
     <span class='ocr_line' id='line_1_34' title="bbox 274 3635 1422 3712; baseline -0.001 -12"><span class='ocrx_word' id='word_1_277' title='bbox 274 3643 309 3700; x_wconf 87' lang='lat' dir='ltr'>te</span> <span class='ocrx_word' id='word_1_278' title='bbox 332 3640 480 3700; x_wconf 88' lang='lat' dir='ltr'>assistere</span> <span class='ocrx_word' id='word_1_279' title='bbox 504 3636 652 3699; x_wconf 89' lang='lat' dir='ltr'>volumus</span> <span class='ocrx_word' id='word_1_280' title='bbox 674 3656 711 3697; x_wconf 85' lang='lat' dir='ltr'>ac</span> <span class='ocrx_word' id='word_1_281' title='bbox 736 3637 840 3697; x_wconf 85' lang='lat' dir='ltr'>eciam</span> <span class='ocrx_word' id='word_1_282' title='bbox 865 3635 1046 3712; x_wconf 90' lang='lat' dir='ltr'>subvenire,</span> <span class='ocrx_word' id='word_1_283' title='bbox 1064 3642 1099 3698; x_wconf 92' lang='lat' dir='ltr'>et</span> <span class='ocrx_word' id='word_1_284' title='bbox 1122 3637 1270 3700; x_wconf 87' lang='lat' dir='ltr'>denarios</span> <span class='ocrx_word' id='word_1_285' title='bbox 1296 3642 1422 3700; x_wconf 86' lang='lat' dir='ltr'>nostros</span> 
     </span>
     <span class='ocr_line' id='line_1_35' title="bbox 274 3730 1421 3814; baseline -0.001 -20"><span class='ocrx_word' id='word_1_286' title='bbox 274 3754 354 3814; x_wconf 91' lang='lat' dir='ltr'>quos</span> <span class='ocrx_word' id='word_1_287' title='bbox 371 3735 455 3794; x_wconf 88' lang='lat' dir='ltr'>sicut</span> <span class='ocrx_word' id='word_1_288' title='bbox 463 3752 520 3814; x_wconf 91' lang='lat' dir='ltr'>pro</span> <span class='ocrx_word' id='word_1_289' title='bbox 529 3730 716 3812; x_wconf 89' lang='lat' dir='ltr'>hujusmodi</span> <span class='ocrx_word' id='word_1_290' title='bbox 731 3730 936 3811; x_wconf 91' lang='lat' dir='ltr'>providencia</span> <span class='ocrx_word' id='word_1_291' title='bbox 946 3730 1088 3809; x_wconf 83' lang='lat' dir='ltr'>solveris,</span> <span class='ocrx_word' id='word_1_292' title='bbox 1097 3751 1154 3812; x_wconf 95' lang='lat' dir='ltr'>pro</span> <span class='ocrx_word' id='word_1_293' title='bbox 1165 3734 1421 3795; x_wconf 87' lang='lat' dir='ltr'>ostentacionem</span> 
     </span>
     <span class='ocr_line' id='line_1_36' title="bbox 274 3825 1421 3911; baseline 0 -21"><span class='ocrx_word' id='word_1_294' title='bbox 274 3829 486 3909; x_wconf 72' lang='lat' dir='ltr'>presencium</span> <span class='ocrx_word' id='word_1_295' title='bbox 520 3831 554 3888; x_wconf 91' lang='lat' dir='ltr'>et</span> <span class='ocrx_word' id='word_1_296' title='bbox 590 3826 772 3888; x_wconf 84' lang='lat' dir='ltr'>indenturae</span> <span class='ocrx_word' id='word_1_297' title='bbox 808 3825 895 3887; x_wconf 84' lang='lat' dir='ltr'>inter</span> <span class='ocrx_word' id='word_1_298' title='bbox 930 3831 966 3887; x_wconf 90' lang='lat' dir='ltr'>te</span> <span class='ocrx_word' id='word_1_299' title='bbox 1002 3830 1037 3888; x_wconf 86' lang='lat' dir='ltr'>et</span> <span class='ocrx_word' id='word_1_300' title='bbox 1073 3826 1200 3889; x_wconf 87' lang='lat' dir='ltr'>dietum</span> <span class='ocrx_word' id='word_1_301' title='bbox 1230 3829 1421 3911; x_wconf 85' lang='lat' dir='ltr'>magistrum</span> 
     </span>
     <span class='ocr_line' id='line_1_37' title="bbox 276 3919 1421 4004; baseline 0 -20"><span class='ocrx_word' id='word_1_302' title='bbox 276 3923 454 3985; x_wconf 81' lang='lat' dir='ltr'>Robertum</span> <span class='ocrx_word' id='word_1_303' title='bbox 470 3919 550 4003; x_wconf 76' lang='lat' dir='ltr'>(sic)</span> <span class='ocrx_word' id='word_1_304' title='bbox 565 3921 641 3982; x_wconf 88' lang='lat' dir='ltr'>inde</span> <span class='ocrx_word' id='word_1_305' title='bbox 656 3920 823 3997; x_wconf 87' lang='lat' dir='ltr'>faciendae,</span> <span class='ocrx_word' id='word_1_306' title='bbox 838 3920 900 3983; x_wconf 93' lang='lat' dir='ltr'>tibi</span> <span class='ocrx_word' id='word_1_307' title='bbox 923 3939 1020 4003; x_wconf 91' lang='lat' dir='ltr'>snper</span> <span class='ocrx_word' id='word_1_308' title='bbox 1034 3925 1092 3983; x_wconf 91' lang='lat' dir='ltr'>tuo</span> <span class='ocrx_word' id='word_1_309' title='bbox 1106 3929 1256 4004; x_wconf 89' lang='lat' dir='ltr'>compoto</span> <span class='ocrx_word' id='word_1_310' title='bbox 1271 3922 1421 3985; x_wconf 87' lang='lat' dir='ltr'>volumus</span> 
     </span>
     <span class='ocr_line' id='line_1_38' title="bbox 274 4014 1421 4100; baseline 0 -21"><span class='ocrx_word' id='word_1_311' title='bbox 274 4019 414 4079; x_wconf 84' lang='lat' dir='ltr'>alloceri.</span> <span class='ocrx_word' id='word_1_312' title='bbox 451 4018 542 4079; x_wconf 83' lang='lat' dir='ltr'>Vale.</span> <span class='ocrx_word' id='word_1_313' title='bbox 580 4016 656 4078; x_wconf 86' lang='lat' dir='ltr'>Dat.</span> <span class='ocrx_word' id='word_1_314' title='bbox 671 4016 758 4097; x_wconf 87' lang='lat' dir='ltr'>apud</span> <span class='ocrx_word' id='word_1_315' title='bbox 774 4014 892 4099; x_wconf 84' lang='lat' dir='ltr'>Thorp’</span> <span class='ocrx_word' id='word_1_316' title='bbox 901 4016 998 4099; x_wconf 83' lang='lat' dir='ltr'>juxta</span> <span class='ocrx_word' id='word_1_317' title='bbox 1013 4017 1120 4096; x_wconf 74' lang='lat' dir='ltr'>Ebor,</span> <span class='ocrx_word' id='word_1_318' title='bbox 1135 4018 1186 4100; x_wconf 91' lang='lat' dir='ltr'>iij⁰</span> <span class='ocrx_word' id='word_1_319' title='bbox 1202 4019 1285 4080; x_wconf 88' lang='lat' dir='ltr'>Non.</span> <span class='ocrx_word' id='word_1_320' title='bbox 1295 4019 1421 4096; x_wconf 88' lang='lat' dir='ltr'>Marcii,</span> 
     </span>
     <span class='ocr_line' id='line_1_39' title="bbox 275 4111 1046 4196; baseline -0.003 -20"><span class='ocrx_word' id='word_1_321' title='bbox 275 4115 369 4176; x_wconf 81' lang='lat' dir='ltr'>Anno</span> <span class='ocrx_word' id='word_1_322' title='bbox 384 4114 500 4196; x_wconf 85' lang='lat' dir='ltr'>graciae</span> <span class='ocrx_word' id='word_1_323' title='bbox 515 4117 578 4175; x_wconf 86' lang='lat' dir='ltr'>etc.</span> <span class='ocrx_word' id='word_1_324' title='bbox 593 4111 692 4195; x_wconf 78' lang='lat' dir='ltr'>xxxj0,</span> <span class='ocrx_word' id='word_1_325' title='bbox 708 4118 743 4174; x_wconf 90' lang='lat' dir='ltr'>et</span> <span class='ocrx_word' id='word_1_326' title='bbox 756 4118 848 4195; x_wconf 89' lang='lat' dir='ltr'>pont.</span> <span class='ocrx_word' id='word_1_327' title='bbox 864 4113 966 4174; x_wconf 83' lang='lat' dir='ltr'>nostri</span> <span class='ocrx_word' id='word_1_328' title='bbox 981 4117 1046 4174; x_wconf 80' lang='lat' dir='ltr'>rv0.</span> 
     </span>
    </p>
   </div>
   <div class='ocr_carea' id='block_1_10' title="bbox 0 0 1505 5010">
    <p class='ocr_par' dir='ltr' id='par_1_15' title="bbox 0 0 1505 5010">
     <span class='ocr_line' id='line_1_40' title="bbox 0 0 1505 5010; baseline 0 0"><span class='ocrx_word' id='word_1_329' title='bbox 0 0 1505 5010; x_wconf 95' lang='lat' dir='ltr'> </span> 
     </span>
    </p>
   </div>
  </div>
 </body>
</html>
