2992 5010
219 335 395 388 nxratlcrs
422 335 520 388 raon
546 336 643 388 roan
669 336 883 401 anemurum
910 336 1075 391 narratu.
1321 315 1393 389 133

65 501 308 589 uuderdotted)
322 507 554 568 concernencia
569 526 626 586 per
638 505 773 567 dilectos
782 505 876 567 nobis
886 506 920 567 in
933 503 1061 569 Christo
1072 505 1219 568 dominos

65 597 250 664 ‚Iohannem
274 602 315 664 de
341 600 548 685 Alhalugate,
571 601 750 664 Robertum
775 599 950 679 Bacchane,
971 599 1155 663 Johannem
1178 601 1218 663 de

65 694 317 780 Walkyngham,
332 702 367 761 et
389 695 573 761 Johannem
597 697 637 758 de
661 696 758 778 Clynt
781 698 952 775 seniorem,
976 696 1116 758 ecclesiae
1139 716 1219 778 prse-
1318 720 1324 727 ·

65 790 162 854 dictae
188 792 333 870 vicarios,
360 793 537 877 diligenter
558 793 658 874 quaeri
680 791 817 869 faciatis,
839 797 874 855 et
897 793 1009 855 eadem
1035 797 1220 874 repertast

66 886 207 949 fideliter
223 890 427 970 transcripta,
438 887 543 965 nobis,
558 908 633 950 cum
647 908 705 970 per
720 893 847 970 partem
856 887 1015 949 Willelmi
1029 887 1071 948 de
1087 887 1218 969 Lynton

64 981 172 1044 clerici
189 985 293 1045 nostri
309 1005 451 1068 congrue
462 984 591 1047 fueritis
607 985 767 1067 requisiti,
780 983 841 1045 sub
852 989 958 1046 vestro
968 982 1075 1066 sigillo
1091 984 1219 1066 signata

65 1173 200 1236 Domini
213 1175 391 1238 Millesimo
410 1183 500 1239 ccc¹¹¹⁰
516 1176 754 1259 septuagesimo
776 1181 902 1258 quarto,
919 1180 953 1238 et
974 1179 1093 1238 nostrae
1107 1195 1218 1239 conse-

66 1271 222 1333 cracionis
237 1272 354 1353 primo.

135 1470 143 1486 .
168 1471 177 1488 .
202 1471 210 1488 .
235 1472 243 1488 .
267 1447 364 1509 super
386 1448 424 1490 eo
446 1427 533 1510 quod
555 1448 630 1489 cum
653 1425 805 1490 Johanna
827 1426 959 1489 Burdon
981 1427 1022 1489 de
1047 1427 1154 1509 Ripon
1176 1427 1218 1491 de
1244 1441 1318 1548 (asp

67 1520 162 1603 lapsu
184 1524 287 1585 carnis
310 1524 417 1586 fuerat
437 1523 625 1586 diffamatus
649 1569 658 1586 .
682 1569 691 1586 .
715 1570 724 1587 .
749 1569 758 1585 .
780 1522 945 1585 fatebatur
967 1569 976 1586 .
1002 1569 1010 1585 .
1035 1568 1043 1585 .
1067 1569 1075 1586 .
1099 1523 1218 1606 Ripon,
1242 1500 1397 1608 ‘iffi-⁴⁴·

65 1618 120 1679 die
136 1618 272 1681 Veneris
287 1641 376 1702 prox.
392 1626 467 1703 post
481 1620 557 1683 sest.
573 1620 607 1683 S.
622 1620 791 1682 Valentini
805 1620 957 1696 martiris,
975 1618 1072 1683 1374.
1243 1643 1388 1715 rursm.

132 1770 235 1834 Mem.
266 1774 353 1855 quod
383 1775 536 1837 vicesimo
568 1779 658 1836 sexto
687 1774 741 1836 die
775 1774 897 1836 mensis
935 1775 1094 1853 Octobris,
1125 1777 1219 1837 Anno
1243 1718 1395 1867 ᾖέἶὶἀ

66 1867 198 1930 Domini
217 1870 391 1932 millesimo
405 1876 494 1931 cccm⁰
504 1870 557 1931 lxx
572 1871 698 1951 quinto,
710 1871 888 1933 indictione
900 1870 996 1952 xiiij⁸,
1011 1869 1219 1952 pontificatus
1244 1879 1378 1951 Bondfioau

66 1964 190 2026 domini
206 1965 356 2049 Gregorii
371 1986 463 2048 papae
478 1966 509 2048 xj
527 1986 611 2028 anno
627 1967 752 2056 quinto,
768 1967 804 2027 in
825 1965 959 2027 ecclesia
980 1964 1156 2048 parochiali
1179 1967 1220 2029 de
1244 1954 1330 2056 {iffi

67 2059 328 2146 Hemyngburgh
344 2061 440 2123 Ebor.
457 2062 550 2123 dioec.
566 2082 673 2124 coram
688 2060 867 2124 venerabili
885 2062 920 2123 in
937 2059 1064 2124 Christo
1078 2067 1170 2143 patre
1185 2067 1220 2125 et
1237 2058 1396 2160 gam?

66 2157 209 2236 domino,
239 2157 370 2220 domino
399 2158 592 2235 Alexandro,
617 2157 680 2219 Dei
709 2159 816 2242 gracia
845 2144 942 2220 Ebot.
971 2155 1219 2240 archiepiscopo,
1245 2196 1287 2257 (4)
1300 2129 1335 2171 Μ’
1367 2130 1388 2163 θ’

67 2253 194 2336 Angliae
209 2254 360 2334 primate,
377 2259 412 2315 et
426 2253 610 2336 apostolicae
626 2254 710 2316 sedis
725 2254 846 2337 legato,
857 2253 1059 2336 judicialiter
1074 2254 1219 2334 sedente,
1245 2269 1298 2362 aaz
1308 2256 1376 2362 ὲξΰ

66 2350 247 2430 comparuit
284 2350 435 2412 dominus
473 2348 639 2413 Johannes
677 2347 775 2431 Clynt
802 2349 927 2433 junior,
956 2350 1093 2412 vicarius
1131 2348 1220 2413 chori
1248 2398 1295 2445 σου
1346 2398 1351 2410 .
1374 2360 1412 2445 “⁴

67 2445 209 2507 ecclesiae
225 2445 404 2529 collegiatae
420 2445 547 2527 Ripon’,
563 2451 598 2508 et
613 2445 777 2508 fatebatur
800 2466 833 2508 se
849 2445 1025 2529 deliquisse
1041 2466 1118 2529 erga
1134 2467 1221 2529 prae-
1245 2400 1364 2504 aa&

65 2539 171 2602 fatum
187 2543 491 2604 reverendissimum
506 2547 645 2623 patrem,
660 2562 698 2603 eo
713 2542 799 2624 quod
821 2541 1006 2624 generalem
1022 2544 1220 2604 sentenciam
1245 2518 1361 2622 fflss„

68 2638 413 2699 excommunicacionis
444 2638 498 2699 die
528 2637 752 2700 translacionis
790 2637 902 2700 Sancti
931 2636 1074 2700 Wilfridi
1103 2638 1221 2702 ultimo
1249 2633 1329 2706 alli.
1412 2674 1414 2679 r

66 2734 241 2815 praeterito,
268 2734 304 2794 in
333 2734 422 2795 dicta
452 2735 587 2796 ecclesia
613 2733 740 2817 Ripon’,
765 2733 887 2816 absque
916 2735 1110 2797 auctoritate
1140 2735 1222 2798 dicti
1246 2709 1339 2812 3⁰³3.

68 2829 261 2891 venerabilis
276 2830 378 2911 patris
393 2828 539 2891 indebite
554 2829 783 2912 promulgavit,
798 2835 833 2891 et
848 2850 882 2891 se
898 2834 932 2891 et
949 2850 1006 2891 sua
1027 2830 1063 2891 in
1085 2828 1223 2912 disposi-
1246 2834 1285 2880 ΗΘ
1295 2835 1343 2882 ὴῑᾱ

67 2924 205 3002 cionem,
221 2924 471 3003 ordinacionem,
487 2930 522 2986 et
543 2924 714 2986 arbitrium
738 2923 817 2986 dicti
840 2924 1096 2986 reverendissimi
1118 2926 1220 3007 patris
1245 2893 1397 3012 {figngffi

67 3019 214 3081 totaliter
230 3040 263 3081 se
279 3020 442 3096 submisit,
457 3019 590 3102 praesato
604 3040 663 3102 per
683 3020 824 3082 eundem
847 3020 888 3082 ad
911 3024 1023 3081 sancta
1045 3021 1223 3104 Evangelia
1245 3024 1383 3116 ffi'o'ssu·

64 3114 253 3199 juramento
268 3116 422 3199 corporali
438 3116 524 3199 quod
540 3116 581 3178 de
596 3121 710 3179 oaetero
725 3136 790 3177 non
802 3116 1002 3177 intromittet
1018 3136 1051 3177 se
1063 3116 1096 3177 in
1108 3113 1219 3198 hujus·
1245 3129 1350 3174 without

69 3212 157 3274 modi
173 3211 259 3273 iacto
275 3211 413 3273 licencia
429 3212 602 3274 sufficienti
618 3232 685 3273 non
701 3211 847 3288 obtenta,
858 3214 892 3272 et
901 3209 1022 3273 ibidem
1034 3212 1222 3293 manucepit
1245 3200 1379 3305 {mig
1455 3270 1459 3275 .

68 3327 126 3389 pro
156 3305 308 3369 omnibus
338 3309 495 3369 consociis
520 3308 586 3369 suis
611 3307 748 3384 vicariis,
773 3306 859 3389 quod
885 3304 1152 3388 quandocumque
1186 3313 1222 3369 et

68 3404 265 3487 ubicumque
290 3405 421 3467 domino
445 3404 615 3486 placuerit,
642 3403 877 3486 comparebunt
900 3422 1006 3465 coram
1031 3424 1069 3466 eo
1090 3404 1142 3467 vel
1164 3425 1223 3468 suo

68 3501 203 3562 consilio
219 3501 431 3563 consimiliter
446 3522 480 3563 se
497 3500 699 3563 submissuri.

137 3663 314 3738 Universis,
330 3666 393 3724 eto.
427 3662 620 3742 Alexander,
635 3664 845 3746 permissione
860 3664 982 3742 divina,
992 3668 1056 3728 etc.
1071 3664 1222 3741 salutem,
1247 3673 1289 3733 (ὅ)

70 3764 134 3820 etc.
179 3759 316 3819 Noverit
338 3758 532 3821 universitas
547 3766 655 3821 vestra
676 3779 735 3822 nos
758 3761 914 3842 quasdam
937 3760 1049 3822 literas
1071 3764 1223 3843 patentes
1246 3733 1377 3850 ffilfn

69 3856 264 3916 dilectorum
296 3854 437 3916 filiorum
467 3856 694 3918 canonicorum
724 3856 868 3919 ecclesiae
898 3862 1016 3920 nostrae
1043 3856 1223 3939 collegiatae
1250 3873 1377 3934 confim-

71 3950 189 4032 Ripon’
214 3950 321 4034 sigillo
346 3950 523 4013 eorundem
549 3954 714 4014 communi
741 3954 776 4015 in
800 3972 873 4015 cera
895 3952 995 4014 rubra
1018 3952 1223 4037 consignatas
1247 3934 1374 4038 ᾗὶῗζῗῇζ

70 4048 261 4130 inspexisse,
278 4066 315 4108 eo
331 4047 388 4128 qui
404 4047 552 4128 sequitur
567 4048 628 4110 sub
642 4055 766 4111 tenore.
1248 4052 1352 4096 ¹¹⁰an

138 4143 325 4205 ‘Universis
353 4149 470 4205 sanctae
496 4145 610 4206 matris
639 4145 791 4206 Ecclesiae
816 4143 891 4206 filiis
915 4147 1090 4226 praesentes
1112 4143 1224 4207 literas
1241 4111 1373 4237 {zm

69 4240 278 4322 inspecturis,
300 4238 488 4320 Capitulum
511 4239 654 4302 ecclesiae
674 4239 855 4322 collegiatae
872 4238 989 4321 Ripon’
1010 4239 1106 4302 Ebor.
1129 4239 1223 4303 dioec.
1248 4225 1393 4333 ⁸³⁰2&

71 4336 223 4414 salutem,
238 4341 302 4396 etc.
347 4335 430 4408 Quia
446 4337 480 4396 in
496 4334 681 4398 futurorum
697 4335 869 4398 eventibus
885 4336 930 4397 sic
947 4331 1083 4397 humani
1098 4334 1224 4398 fallitur
1244 4300 1355 4414 39³1!ss

71 4431 270 4493 incertitudo
288 4429 419 4513 judicii,
442 4434 482 4493 ut
507 4450 572 4493 non
600 4450 745 4514 unquam
770 4431 856 4514 quod
880 4430 1065 4513 conjectura
1087 4431 1225 4494 credidit
