3044 4994
629 301 837 354 MEMORIALS
863 303 907 354 OF
933 302 1052 354 atron.

264 467 334 551 jam
351 469 407 531 diu
423 471 569 533 tenuerit
583 476 617 532 et
633 467 738 531 adhuc
754 474 876 547 teneat,
892 459 1106 545 exhibiturus,
1117 472 1152 528 et
1166 467 1306 530 ulterius
1322 490 1417 552 super

269 562 333 626 hiis
354 571 389 626 et
414 565 487 627 aliis
512 568 573 628 sibi
600 565 778 628 obiciendis
801 586 839 626 ex
855 565 958 627 officio
976 583 1196 646 responsuram,
1211 561 1367 641 facturus,
1383 571 1418 627 et

268 667 467 744 recepturus,
483 663 569 745 quod
580 662 715 745 justicia
731 661 889 723 suadebit.
935 660 1178 722 Denunciantes
1193 658 1312 735 eidem,
1328 661 1415 741 quod

270 759 296 818 si
320 758 416 819 dictis
442 759 495 819 die
523 763 558 819 et
584 758 653 819 loco
677 758 935 838 dispensaciones
960 762 994 818 et
1014 755 1089 837 jura
1114 752 1313 835 hujusmodi,
1324 755 1418 837 justo

267 853 491 934 inpedimento
506 862 662 929 cessante,
679 855 785 935 ipsum
809 873 874 914 non
897 853 1071 936 contigerit
1096 848 1259 926 exhibere,
1274 871 1334 912 nec
1351 850 1418 912 suf-

268 947 415 1009 ficienter
432 955 466 1009 et
481 950 628 1031 legitime
643 969 838 1030 comparere,
854 955 964 1010 contra
980 969 1056 1010 eum
1071 951 1167 1029 prout
1177 946 1308 1027 justum
1318 945 1420 1008 fuerit

269 1045 419 1105 canonice
443 1045 643 1125 procedetur.
690 1044 738 1104 De
762 1044 815 1105 die
840 1050 951 1106 autem
974 1042 1170 1125 recepcionis
1193 1044 1419 1122 praesencium,

269 1159 397 1201 necnon
435 1141 601 1202 citacionis
632 1146 667 1202 et
704 1140 968 1201 denunciacionis
999 1139 1168 1216 factarum,
1196 1144 1233 1202 et
1262 1139 1419 1221 quicquid

269 1233 410 1295 feceritis
441 1236 475 1297 in
499 1237 682 1317 praemissis,
706 1235 798 1297 nobis
821 1237 903 1298 citra
929 1238 1054 1297 instans
1078 1234 1199 1296 festum
1229 1233 1419 1316 Epiphaniae

269 1330 401 1391 Domini
416 1330 569 1393 distincte
586 1337 620 1393 et
634 1328 744 1413 aperte
760 1331 885 1392 faciatis
896 1338 1043 1393 constare
1058 1351 1116 1412 per
1125 1334 1250 1391 vestras
1266 1336 1419 1411 patentes

268 1425 380 1487 literas
401 1424 518 1487 harum
535 1428 651 1488 seriem
673 1428 889 1494 continentes.
927 1429 1052 1488 Valcte.
1090 1426 1164 1488 Dat.
1188 1426 1274 1507 apud
1294 1427 1419 1503 Garrod,

269 1541 289 1582 v
306 1522 384 1582 Idus
406 1520 578 1584 Novembr.
595 1523 689 1588 Anno
713 1523 828 1606 graciae
850 1524 968 1585 M⁰ccc⁰
984 1523 1134 1599 secundo,
1150 1526 1183 1584 et
1208 1523 1419 1604 pontificatus

269 1617 370 1678 nostri
387 1617 496 1679 terci0.

94 1834 147 1871 nn.
159 1823 225 1870 1302.
338 1804 487 1886 Capitulo
502 1811 610 1868 nostro
623 1806 758 1888 Rypon',
770 1807 919 1884 salutem,
932 1809 1084 1890 graciam,
1094 1810 1128 1868 et
1143 1806 1419 1868 benediccionem.

95 1882 190 1930 Nona
272 1900 354 1964 Cum
378 1900 456 1962 alias
480 1900 636 1963 fueritin
662 1902 804 1984 capitulo
831 1909 937 1964 vestro
959 1905 1120 1985 provisum
1145 1903 1230 1983 qnod
1254 1903 1420 1982 porciones

95 1966 237 2071 iffi*
271 2004 384 2060 vestrae
401 1999 435 2059 in
452 2000 583 2061 ecclesia
598 2006 708 2061 nostra
730 1999 854 2081 Rypon’
869 1999 967 2060 alicui
982 2001 1036 2060 alii
1060 2020 1157 2081 quam
1172 2000 1370 2080 porcionario
1385 2001 1420 2061 in

90 2083 221 2200 {mm
272 2096 384 2156 eadem
409 2116 473 2156 non
500 2095 748 2157 dimitterentur
771 2095 810 2156 ad
837 2095 974 2172 firmam,
999 2098 1068 2157 sine
1093 2100 1202 2156 nostra
1226 2100 1260 2156 et
1285 2095 1421 2176 capituli

92 2201 228 2271 praeceda-
272 2191 407 2251 licencia
423 2191 564 2271 speciali,
580 2212 616 2251 ac
640 2190 752 2252 dilecti
768 2191 826 2251 filii
850 2192 973 2252 domini
999 2192 1136 2275 Egidius
1152 2191 1192 2252 dc
1216 2190 1421 2266 Audenard0,

97 2273 208 2362 {223⁶
272 2284 439 2349 Johannes
458 2285 499 2346 de
522 2286 696 2362 Benested,
714 2293 748 2347 et
770 2284 936 2348 Johannes
959 2286 1079 2347 Brante
1099 2286 1247 2348 Saraceni
1264 2285 1304 2346 de
1322 2286 1422 2364 Urbe,

97 2375 244 2493 amm
271 2379 448 2442 confratres
475 2381 584 2455 vestri,
609 2401 681 2441 suas
703 2381 743 2441 ad
769 2380 894 2441 firmam
917 2381 988 2441 aliis
1015 2401 1113 2463 quam
1139 2381 1345 2462 porcionariis
1372 2381 1422 2442 di-

232 2466 238 2479 ’
271 2477 423 2537 miserint
453 2476 628 2557 porciones,
660 2476 745 2537 sicut
774 2498 831 2558 per
858 2482 1002 2538 vestrum
1033 2476 1294 2538 certificatorium
1325 2475 1421 2557 plene

272 2572 391 2653 liquet,
404 2570 493 2637 vobis
509 2572 699 2632 mandamus
714 2573 880 2653 quatinus,
890 2573 1025 2654 receptis
1041 2573 1265 2654 praesentibus,
1280 2573 1422 2633 auctori·

272 2672 342 2729 tate
358 2672 467 2726 nostra
481 2665 606 2731 fructus
622 2671 657 2727 et
672 2674 848 2748 proventus
871 2668 1014 2749 ipsarum
1028 2669 1192 2729 occasione
1208 2667 1371 2749 praedicta,
1386 2674 1422 2728 et

272 2762 345 2824 aliis
362 2762 458 2823 certis
478 2762 637 2824 decausis
660 2763 798 2824 firmiter
821 2764 1040 2845 sequestretis,
1056 2770 1091 2827 et
1112 2763 1171 2826 sub
1194 2765 1365 2841 artissimo,
1381 2764 1422 2825 de

274 2878 339 2940 quo
354 2857 446 2919 nobis
462 2878 517 2919 vos
539 2859 730 2940 respondere
747 2859 907 2937 volumus,
923 2858 1047 2920 faciatis
1071 2860 1225 2921 custodiri
1245 2865 1423 2940 sequestro,

274 2954 375 3016 donec
402 2953 490 3015 aliud
512 2975 532 3015 a
554 2954 646 3016 nobis
669 2976 764 3037 super
787 2954 847 3018 hoc
873 2956 1058 3037 receperitis
1083 2957 1117 3016 in
1142 2956 1311 3017 mandatis
1357 2955 1424 3017 Nos

275 3069 371 3132 super
386 3049 484 3133 hujus
500 3052 693 3114 execucione
709 3053 866 3129 mandati,
876 3053 917 3114 dc
932 3052 985 3112 die
1001 3052 1199 3132 recepcionis
1215 3051 1373 3133 ejusdem,
1389 3057 1425 3113 et

275 3147 428 3234 quicquid
459 3148 603 3209 feceritis
633 3149 668 3210 in
692 3147 752 3210 hac
779 3154 882 3232 parte,
905 3149 986 3208 citra
1010 3148 1135 3207 instans
1162 3146 1282 3208 festum
1314 3146 1424 3208 Sancti

275 3242 424 3305 Nicholai
439 3243 593 3306 distincte
609 3251 644 3306 ct
658 3251 769 3326 aperte
785 3243 962 3306 certificare
978 3248 1139 3303 curantes,
1185 3242 1310 3303 Valete.
1348 3242 1423 3304 Dat.

275 3339 361 3427 apud
388 3338 512 3414 Cawod,
534 3361 553 3399 v
578 3340 656 3401 Idus
678 3340 853 3402 Novembr.
877 3341 970 3403 Anno
992 3339 1108 3421 graciae
1131 3338 1249 3398 M⁰ccc⁰
1272 3337 1424 3415 secund0,

277 3439 312 3494 et
327 3434 533 3523 pontificatus
549 3436 649 3495 nostri
665 3455 750 3497 anno
765 3436 874 3497 tercio.

106 3638 194 3697 (του.)
345 3622 591 3685 Memorandum
618 3623 704 3711 quod
729 3623 826 3707 vjld.
850 3623 1017 3686 Decembr.
1034 3625 1128 3686 Anno
1150 3626 1264 3709 graciae
1287 3625 1338 3685 Μ0
1358 3631 1427 3685 ccc⁰

105 3696 234 3801 ’Ῑζζζιὲολ
281 3716 431 3794 secundo,
447 3719 533 3799 apud
549 3717 672 3796 Cawod,
683 3721 846 3782 emanavit
855 3720 1002 3801 quaedam
1012 3721 1123 3781 littera
1138 3720 1281 3801 capitulo
1291 3718 1427 3801 Rypon’,

105 3840 232 3887 1³,er
282 3814 369 3896 quod
384 3816 613 3896 permitterent
627 3817 796 3878 dominum
819 3818 839 3880 J
842 3815 1003 3879 ohannem
1019 3818 1058 3878 de
1075 3817 1238 3879 Benstede
1254 3823 1288 3877 et
1304 3838 1377 3878 suos
1386 3816 1427 3877 de

100 3899 248 4014 {⁸0⁶3er
280 3909 440 3971 ffflOiibflS
471 3916 505 3972 ei
534 3912 743 3993 timentibus
766 3914 946 3994 praebendae
973 3934 1038 3974 suae
1064 3913 1098 3973 in
1124 3913 1247 3989 eadem,
1271 3912 1426 3993 quicquid

106 4019 212 4065 αᾱωιιι-
281 4008 500 4068 necessarium
539 4007 600 4069 sibi
639 4009 740 4070 fuerit
767 4029 825 4091 pro
855 4009 977 4089 foragio
1007 4008 1198 4069 animalium
1230 4029 1361 4069 suorum
1392 4014 1428 4069 et

101 4077 221 4194 Jfflss,
281 4109 470 4184 coopertura
499 4103 667 4165 domorum
694 4104 789 4165 dictae
815 4103 1005 4185 praebendae,
1036 4112 1201 4184 sequestro
1231 4104 1426 4165 auctoritate

102 4193 234 4299 ma
281 4198 405 4260 domini
433 4200 626 4281 interposito
656 4201 691 4258 in
722 4199 843 4260 eisdem
874 4199 968 4260 bonis
997 4200 1136 4261 residuis
1165 4221 1231 4261 non
1265 4200 1426 4261 obstante.

106 4316 242 4370 aopmura
281 4293 330 4359 De
355 4314 419 4376 quo
442 4294 541 4357 vellet
570 4292 750 4376 capitulum
777 4294 982 4377 respondere,
1012 4314 1085 4362 curn
1110 4316 1206 4377 super
1236 4294 1296 4357 hoc
1327 4294 1428 4358 suerit

105 4370 221 4473 aarum
279 4392 483 4474 requisitum.

128 4503 196 4555 ΨΜ.
