<?xml version="1.0" encoding="UTF-8"?>
<!DOCTYPE html PUBLIC "-//W3C//DTD XHTML 1.0 Transitional//EN"
    "http://www.w3.org/TR/xhtml1/DTD/xhtml1-transitional.dtd">
<html xmlns="http://www.w3.org/1999/xhtml" xml:lang="en" lang="en">
 <head>
  <title>
</title>
<meta http-equiv="Content-Type" content="text/html;charset=utf-8" />
  <meta name='ocr-system' content='tesseract 3.04.00' />
  <meta name='ocr-capabilities' content='ocr_page ocr_carea ocr_par ocr_line ocrx_word'/>
</head>
<body>
  <div class='ocr_page' id='page_1' title='image "./memorialschurch04fowlgoog_0052.png"; bbox 0 0 3044 4994; ppageno 0'>
   <div class='ocr_carea' id='block_1_1' title="bbox 123 321 1078 392">
    <p class='ocr_par' dir='ltr' id='par_1_1' title="bbox 123 321 1078 392">
     <span class='ocr_line' id='line_1_1' title="bbox 123 321 1078 392; baseline 0 -13"><span class='ocrx_word' id='word_1_1' title='bbox 123 321 168 392; x_wconf 83' lang='grc'>36</span> <span class='ocrx_word' id='word_1_2' title='bbox 657 327 863 380; x_wconf 73' lang='lat' dir='ltr'>naucerus</span> <span class='ocrx_word' id='word_1_3' title='bbox 889 327 933 378; x_wconf 83' lang='lat' dir='ltr'>or</span> <span class='ocrx_word' id='word_1_4' title='bbox 960 325 1078 380; x_wconf 78' lang='lat' dir='ltr'>meon.</span> 
     </span>
    </p>
   </div>
   <div class='ocr_carea' id='block_1_2' title="bbox 119 494 1476 3736">
    <p class='ocr_par' dir='ltr' id='par_1_2' title="bbox 119 494 1476 3736">
     <span class='ocr_line' id='line_1_2' title="bbox 297 494 1445 582; baseline 0.001 -21"><span class='ocrx_word' id='word_1_5' title='bbox 297 498 573 581; x_wconf 87' lang='lat' dir='ltr'>archiepiscopum</span> <span class='ocrx_word' id='word_1_6' title='bbox 602 495 841 579; x_wconf 88' lang='lat' dir='ltr'>pontificalibus</span> <span class='ocrx_word' id='word_1_7' title='bbox 871 495 1025 558; x_wconf 89' lang='lat' dir='ltr'>indutum</span> <span class='ocrx_word' id='word_1_8' title='bbox 1054 494 1190 559; x_wconf 86' lang='lat' dir='ltr'>fuerunt</span> <span class='ocrx_word' id='word_1_9' title='bbox 1216 497 1307 560; x_wconf 85' lang='lat' dir='ltr'>exuti</span> <span class='ocrx_word' id='word_1_10' title='bbox 1331 519 1445 582; x_wconf 86' lang='lat' dir='ltr'>super·</span> 
     </span>
     <span class='ocr_line' id='line_1_3' title="bbox 121 590 1444 683; baseline 0.001 -27"><span class='ocrx_word' id='word_1_11' title='bbox 121 610 268 683; x_wconf 60' lang='lat' dir='ltr'>emuna-</span> <span class='ocrx_word' id='word_1_12' title='bbox 296 596 452 678; x_wconf 88' lang='lat' dir='ltr'>pelliceis,</span> <span class='ocrx_word' id='word_1_13' title='bbox 481 593 702 674; x_wconf 81' lang='lat' dir='ltr'>unusquisque</span> <span class='ocrx_word' id='word_1_14' title='bbox 731 612 844 652; x_wconf 90' lang='lat' dir='ltr'>eorum</span> <span class='ocrx_word' id='word_1_15' title='bbox 871 590 1024 652; x_wconf 90' lang='lat' dir='ltr'>videlicet</span> <span class='ocrx_word' id='word_1_16' title='bbox 1055 592 1258 675; x_wconf 78' lang='lat' dir='ltr'><strong>singillatim,</strong></span> <span class='ocrx_word' id='word_1_17' title='bbox 1290 595 1350 657; x_wconf 83' lang='lat' dir='ltr'>sub</span> <span class='ocrx_word' id='word_1_18' title='bbox 1378 594 1444 657; x_wconf 89' lang='lat' dir='ltr'>hiis</span> 
     </span>
     <span class='ocr_line' id='line_1_4' title="bbox 121 671 1476 772; baseline 0.004 -22"><span class='ocrx_word' id='word_1_19' title='bbox 121 687 155 716; x_wconf 70' lang='lat'>“⁰</span> <span class='ocrx_word' id='word_1_20' title='bbox 166 671 261 745; x_wconf 52' lang='grc' dir='ltr'><em>Ψ</em></span> <span class='ocrx_word' id='word_1_21' title='bbox 297 691 413 767; x_wconf 90' lang='lat' dir='ltr'>verbis,</span> <span class='ocrx_word' id='word_1_22' title='bbox 424 695 433 725; x_wconf 87' lang='lat'>‘</span> <span class='ocrx_word' id='word_1_23' title='bbox 444 690 646 752; x_wconf 78' lang='lat' dir='ltr'>Auctoritate</span> <span class='ocrx_word' id='word_1_24' title='bbox 659 688 718 748; x_wconf 91' lang='lat' dir='ltr'>Dei</span> <span class='ocrx_word' id='word_1_25' title='bbox 730 687 836 748; x_wconf 88' lang='lat' dir='ltr'>Patris</span> <span class='ocrx_word' id='word_1_26' title='bbox 848 686 1101 769; x_wconf 87' lang='lat' dir='ltr'>Omnipoteutis,</span> <span class='ocrx_word' id='word_1_27' title='bbox 1112 695 1146 750; x_wconf 91' lang='lat' dir='ltr'>et</span> <span class='ocrx_word' id='word_1_28' title='bbox 1155 689 1243 767; x_wconf 88' lang='lat' dir='ltr'>Filii,</span> <span class='ocrx_word' id='word_1_29' title='bbox 1256 695 1291 751; x_wconf 89' lang='lat' dir='ltr'>et</span> <span class='ocrx_word' id='word_1_30' title='bbox 1303 689 1448 772; x_wconf 68' lang='lat' dir='ltr'>Spiritus⁴</span> <span class='ocrx_word' id='word_1_31' title='bbox 1471 748 1476 756; x_wconf 89' lang='lat'><em>.</em></span> 
     </span>
     <span class='ocr_line' id='line_1_5' title="bbox 298 781 1443 863; baseline 0.001 -15"><span class='ocrx_word' id='word_1_32' title='bbox 298 787 408 850; x_wconf 82' lang='lat' dir='ltr'>Sancti</span> <span class='ocrx_word' id='word_1_33' title='bbox 434 807 470 847; x_wconf 90' lang='lat' dir='ltr'>ac</span> <span class='ocrx_word' id='word_1_34' title='bbox 495 791 604 847; x_wconf 88' lang='lat' dir='ltr'>nostra</span> <span class='ocrx_word' id='word_1_35' title='bbox 627 783 688 845; x_wconf 86' lang='lat' dir='ltr'>tibi</span> <span class='ocrx_word' id='word_1_36' title='bbox 712 784 754 844; x_wconf 91' lang='lat' dir='ltr'>N.</span> <span class='ocrx_word' id='word_1_37' title='bbox 777 782 954 844; x_wconf 85' lang='lat' dir='ltr'>auferimus</span> <span class='ocrx_word' id='word_1_38' title='bbox 977 781 1126 845; x_wconf 90' lang='lat' dir='ltr'>habitum</span> <span class='ocrx_word' id='word_1_39' title='bbox 1144 784 1337 863; x_wconf 83' lang='lat' dir='ltr'>clericalem,</span> <span class='ocrx_word' id='word_1_40' title='bbox 1353 793 1389 848; x_wconf 90' lang='lat' dir='ltr'>et</span> <span class='ocrx_word' id='word_1_41' title='bbox 1407 794 1443 849; x_wconf 87' lang='lat' dir='ltr'>te</span> 
     </span>
     <span class='ocr_line' id='line_1_6' title="bbox 296 879 1443 965; baseline 0 -21"><span class='ocrx_word' id='word_1_42' title='bbox 296 883 501 965; x_wconf 82' lang='lat' dir='ltr'>deponimus,</span> <span class='ocrx_word' id='word_1_43' title='bbox 531 880 753 963; x_wconf 62' lang='lat' dir='ltr'>degradamus</span> <span class='ocrx_word' id='word_1_44' title='bbox 778 879 962 960; x_wconf 86' lang='lat' dir='ltr'>spoliamus,</span> <span class='ocrx_word' id='word_1_45' title='bbox 989 884 1024 940; x_wconf 88' lang='lat' dir='ltr'>et</span> <span class='ocrx_word' id='word_1_46' title='bbox 1049 880 1263 957; x_wconf 88' lang='lat' dir='ltr'>denudamus,</span> <span class='ocrx_word' id='word_1_47' title='bbox 1288 883 1330 944; x_wconf 87' lang='lat' dir='ltr'>ab</span> <span class='ocrx_word' id='word_1_48' title='bbox 1353 884 1443 944; x_wconf 91' lang='lat' dir='ltr'>omui</span> 
     </span>
     <span class='ocr_line' id='line_1_7' title="bbox 296 975 1444 1060; baseline 0 -20"><span class='ocrx_word' id='word_1_49' title='bbox 296 978 453 1040; x_wconf 89' lang='lat' dir='ltr'>beneficio</span> <span class='ocrx_word' id='word_1_50' title='bbox 475 982 510 1036; x_wconf 91' lang='lat' dir='ltr'>et</span> <span class='ocrx_word' id='word_1_51' title='bbox 532 975 701 1057; x_wconf 88' lang='lat' dir='ltr'>privilegio</span> <span class='ocrx_word' id='word_1_52' title='bbox 731 975 881 1051; x_wconf 90' lang='lat' dir='ltr'>clericali,</span> <span class='ocrx_word' id='word_1_53' title='bbox 906 994 944 1035; x_wconf 88' lang='lat' dir='ltr'>ac</span> <span class='ocrx_word' id='word_1_54' title='bbox 974 976 1078 1056; x_wconf 88' lang='lat' dir='ltr'>prima</span> <span class='ocrx_word' id='word_1_55' title='bbox 1106 982 1239 1038; x_wconf 83' lang='lat' dir='ltr'>tonsura</span> <span class='ocrx_word' id='word_1_56' title='bbox 1264 997 1362 1058; x_wconf 87' lang='lat' dir='ltr'>quam</span> <span class='ocrx_word' id='word_1_57' title='bbox 1385 999 1444 1060; x_wconf 90' lang='lat' dir='ltr'>per</span> 
     </span>
     <span class='ocr_line' id='line_1_8' title="bbox 187 1070 1443 1153; baseline -0.003 -14"><span class='ocrx_word' id='word_1_58' title='bbox 187 1096 195 1139; x_wconf 81' lang='lat' dir='ltr'>i</span> <span class='ocrx_word' id='word_1_59' title='bbox 296 1093 413 1135; x_wconf 88' lang='lat' dir='ltr'>manus</span> <span class='ocrx_word' id='word_1_60' title='bbox 442 1071 603 1153; x_wconf 87' lang='lat' dir='ltr'>pontificis</span> <span class='ocrx_word' id='word_1_61' title='bbox 633 1070 803 1152; x_wconf 81' lang='lat' dir='ltr'>recepisti&#39;</span> <span class='ocrx_word' id='word_1_62' title='bbox 891 1071 935 1130; x_wconf 92' lang='lat' dir='ltr'>Et</span> <span class='ocrx_word' id='word_1_63' title='bbox 964 1073 1209 1133; x_wconf 88' lang='lat' dir='ltr'>memorandum</span> <span class='ocrx_word' id='word_1_64' title='bbox 1231 1074 1318 1153; x_wconf 93' lang='lat' dir='ltr'>quod</span> <span class='ocrx_word' id='word_1_65' title='bbox 1342 1094 1443 1135; x_wconf 87' lang='lat' dir='ltr'>unus-</span> 
     </span>
     <span class='ocr_line' id='line_1_9' title="bbox 175 1164 1442 1256; baseline 0.001 -26"><span class='ocrx_word' id='word_1_66' title='bbox 175 1169 219 1256; x_wconf 50' lang='lat' dir='ltr'>qun</span> <span class='ocrx_word' id='word_1_67' title='bbox 297 1171 433 1251; x_wconf 89' lang='lat' dir='ltr'>quisque</span> <span class='ocrx_word' id='word_1_68' title='bbox 457 1168 600 1248; x_wconf 85' lang='lat' dir='ltr'>ipsorum</span> <span class='ocrx_word' id='word_1_69' title='bbox 623 1168 717 1228; x_wconf 88' lang='lat' dir='ltr'>stetit</span> <span class='ocrx_word' id='word_1_70' title='bbox 738 1187 844 1227; x_wconf 91' lang='lat' dir='ltr'>coram</span> <span class='ocrx_word' id='word_1_71' title='bbox 875 1164 1113 1248; x_wconf 89' lang='lat' dir='ltr'>archiepiscopo</span> <span class='ocrx_word' id='word_1_72' title='bbox 1138 1166 1341 1249; x_wconf 91' lang='lat' dir='ltr'>judicialiter</span> <span class='ocrx_word' id='word_1_73' title='bbox 1372 1171 1442 1231; x_wconf 90' lang='lat' dir='ltr'>siue</span> 
     </span>
     <span class='ocr_line' id='line_1_10' title="bbox 167 1261 1444 1345; baseline 0.001 -20"><span class='ocrx_word' id='word_1_74' title='bbox 167 1273 172 1282; x_wconf 85' lang='lat'>‘</span> <span class='ocrx_word' id='word_1_75' title='bbox 213 1302 219 1315; x_wconf 89' lang='lat'><strong>·</strong></span> <span class='ocrx_word' id='word_1_76' title='bbox 296 1262 514 1345; x_wconf 88' lang='lat' dir='ltr'>compedibus,</span> <span class='ocrx_word' id='word_1_77' title='bbox 524 1267 562 1323; x_wconf 89' lang='lat' dir='ltr'>ut</span> <span class='ocrx_word' id='word_1_78' title='bbox 574 1262 766 1343; x_wconf 71' lang='lat' dir='ltr'>praedicitur,</span> <span class='ocrx_word' id='word_1_79' title='bbox 779 1261 934 1323; x_wconf 89' lang='lat' dir='ltr'>confitens</span> <span class='ocrx_word' id='word_1_80' title='bbox 944 1262 1065 1323; x_wconf 91' lang='lat' dir='ltr'>crimen</span> <span class='ocrx_word' id='word_1_81' title='bbox 1077 1283 1182 1324; x_wconf 88' lang='lat' dir='ltr'>suurn.</span> <span class='ocrx_word' id='word_1_82' title='bbox 1268 1264 1311 1323; x_wconf 85' lang='lat' dir='ltr'>Et</span> <span class='ocrx_word' id='word_1_83' title='bbox 1320 1285 1444 1326; x_wconf 89' lang='lat' dir='ltr'>merno-</span> 
     </span>
     <span class='ocr_line' id='line_1_11' title="bbox 296 1355 1440 1443; baseline 0.002 -23"><span class='ocrx_word' id='word_1_84' title='bbox 296 1360 434 1420; x_wconf 90' lang='lat' dir='ltr'>randum</span> <span class='ocrx_word' id='word_1_85' title='bbox 458 1355 543 1439; x_wconf 93' lang='lat' dir='ltr'>quod</span> <span class='ocrx_word' id='word_1_86' title='bbox 567 1359 637 1418; x_wconf 87' lang='lat' dir='ltr'>istae</span> <span class='ocrx_word' id='word_1_87' title='bbox 661 1358 910 1440; x_wconf 83' lang='lat' dir='ltr'>degradaciones</span> <span class='ocrx_word' id='word_1_88' title='bbox 934 1358 1122 1418; x_wconf 91' lang='lat' dir='ltr'>clericorum</span> <span class='ocrx_word' id='word_1_89' title='bbox 1145 1357 1237 1419; x_wconf 86' lang='lat' dir='ltr'>sactae</span> <span class='ocrx_word' id='word_1_90' title='bbox 1259 1358 1394 1421; x_wconf 87' lang='lat' dir='ltr'>fuerunt</span> <span class='ocrx_word' id='word_1_91' title='bbox 1409 1360 1440 1443; x_wconf 91' lang='lat' dir='ltr'>vj</span> 
     </span>
     <span class='ocr_line' id='line_1_12' title="bbox 183 1452 1442 1536; baseline 0.002 -20"><span class='ocrx_word' id='word_1_92' title='bbox 183 1453 227 1482; x_wconf 57' lang='lat'>&#39;‘¹&#39;‘</span> <span class='ocrx_word' id='word_1_93' title='bbox 297 1455 402 1517; x_wconf 89' lang='lat' dir='ltr'>Kal’u.</span> <span class='ocrx_word' id='word_1_94' title='bbox 420 1454 449 1513; x_wconf 93' lang='lat' dir='ltr'><strong>N</strong></span> <span class='ocrx_word' id='word_1_95' title='bbox 453 1452 607 1529; x_wconf 91' lang='lat' dir='ltr'>ovemhr.,</span> <span class='ocrx_word' id='word_1_96' title='bbox 623 1455 716 1514; x_wconf 85' lang='lat' dir='ltr'>Anno</span> <span class='ocrx_word' id='word_1_97' title='bbox 739 1454 853 1535; x_wconf 84' lang='lat' dir='ltr'>graciae</span> <span class='ocrx_word' id='word_1_98' title='bbox 869 1454 920 1514; x_wconf 75' lang='grc' dir='ltr'>Μο</span> <span class='ocrx_word' id='word_1_99' title='bbox 935 1461 1003 1514; x_wconf 87' lang='lat' dir='ltr'>ccc⁰</span> <span class='ocrx_word' id='word_1_100' title='bbox 1019 1455 1168 1532; x_wconf 88' lang='lat' dir='ltr'>secundo,</span> <span class='ocrx_word' id='word_1_101' title='bbox 1185 1460 1219 1515; x_wconf 90' lang='lat' dir='ltr'>et</span> <span class='ocrx_word' id='word_1_102' title='bbox 1233 1456 1442 1536; x_wconf 85' lang='lat' dir='ltr'>pontificatus</span> 
     </span>
     <span class='ocr_line' id='line_1_13' title="bbox 296 1547 1443 1632; baseline 0.001 -20"><span class='ocrx_word' id='word_1_103' title='bbox 296 1549 428 1612; x_wconf 85' lang='lat' dir='ltr'>Thomae</span> <span class='ocrx_word' id='word_1_104' title='bbox 452 1547 683 1630; x_wconf 89' lang='lat' dir='ltr'>archiepiscopi</span> <span class='ocrx_word' id='word_1_105' title='bbox 709 1550 821 1624; x_wconf 90' lang='lat' dir='ltr'>tercio,</span> <span class='ocrx_word' id='word_1_106' title='bbox 846 1548 882 1609; x_wconf 91' lang='lat' dir='ltr'>iu</span> <span class='ocrx_word' id='word_1_107' title='bbox 903 1549 1036 1610; x_wconf 88' lang='lat' dir='ltr'>ecclesia</span> <span class='ocrx_word' id='word_1_108' title='bbox 1066 1549 1201 1631; x_wconf 86' lang='lat' dir='ltr'>Rypou’,</span> <span class='ocrx_word' id='word_1_109' title='bbox 1228 1552 1443 1632; x_wconf 86' lang='lat' dir='ltr'>praesentibus</span> 
     </span>
     <span class='ocr_line' id='line_1_14' title="bbox 296 1643 1442 1730; baseline 0.001 -22"><span class='ocrx_word' id='word_1_110' title='bbox 296 1648 436 1709; x_wconf 88' lang='lat' dir='ltr'>dominis</span> <span class='ocrx_word' id='word_1_111' title='bbox 451 1646 560 1706; x_wconf 82' lang='lat' dir='ltr'>Priore</span> <span class='ocrx_word' id='word_1_112' title='bbox 579 1645 619 1706; x_wconf 90' lang='lat' dir='ltr'>de</span> <span class='ocrx_word' id='word_1_113' title='bbox 643 1643 903 1721; x_wconf 81' lang='lat' dir='ltr'>Hertildesham,</span> <span class='ocrx_word' id='word_1_114' title='bbox 927 1643 1074 1707; x_wconf 88' lang='lat' dir='ltr'>Johauuc</span> <span class='ocrx_word' id='word_1_115' title='bbox 1098 1647 1139 1708; x_wconf 92' lang='lat' dir='ltr'>de</span> <span class='ocrx_word' id='word_1_116' title='bbox 1163 1645 1392 1730; x_wconf 84' lang='lat' dir='ltr'>Lithegreyns,</span> <span class='ocrx_word' id='word_1_117' title='bbox 1408 1654 1442 1709; x_wconf 91' lang='lat' dir='ltr'>et</span> 
     </span>
     <span class='ocr_line' id='line_1_15' title="bbox 297 1740 1442 1825; baseline 0 -20"><span class='ocrx_word' id='word_1_118' title='bbox 297 1743 429 1805; x_wconf 85' lang='lat' dir='ltr'>Simone</span> <span class='ocrx_word' id='word_1_119' title='bbox 453 1743 492 1803; x_wconf 90' lang='lat' dir='ltr'>de</span> <span class='ocrx_word' id='word_1_120' title='bbox 508 1741 606 1802; x_wconf 89' lang='lat' dir='ltr'>Ward</span> <span class='ocrx_word' id='word_1_121' title='bbox 624 1741 760 1817; x_wconf 89' lang='lat' dir='ltr'>seniore,</span> <span class='ocrx_word' id='word_1_122' title='bbox 775 1740 947 1818; x_wconf 83' lang='lat' dir='ltr'>militibus,</span> <span class='ocrx_word' id='word_1_123' title='bbox 963 1762 999 1801; x_wconf 93' lang='lat' dir='ltr'>ac</span> <span class='ocrx_word' id='word_1_124' title='bbox 1016 1741 1140 1824; x_wconf 84' lang='lat' dir='ltr'>Rogero</span> <span class='ocrx_word' id='word_1_125' title='bbox 1157 1741 1272 1825; x_wconf 84' lang='lat' dir='ltr'>Swayn</span> <span class='ocrx_word' id='word_1_126' title='bbox 1287 1745 1442 1806; x_wconf 89' lang='lat' dir='ltr'>canonico</span> 
     </span>
     <span class='ocr_line' id='line_1_16' title="bbox 296 1836 1442 1920; baseline 0 -19"><span class='ocrx_word' id='word_1_127' title='bbox 296 1837 431 1920; x_wconf 86' lang='lat' dir='ltr'>Rypon’,</span> <span class='ocrx_word' id='word_1_128' title='bbox 454 1857 580 1898; x_wconf 90' lang='lat' dir='ltr'>necnon</span> <span class='ocrx_word' id='word_1_129' title='bbox 604 1837 768 1918; x_wconf 76' lang='lat' dir='ltr'>magistris</span> <span class='ocrx_word' id='word_1_130' title='bbox 787 1836 837 1897; x_wconf 89' lang='lat' dir='ltr'>W.</span> <span class='ocrx_word' id='word_1_131' title='bbox 861 1836 902 1897; x_wconf 90' lang='lat' dir='ltr'>de</span> <span class='ocrx_word' id='word_1_132' title='bbox 925 1836 1099 1897; x_wconf 87' lang='lat' dir='ltr'>Beuerlaco</span> <span class='ocrx_word' id='word_1_133' title='bbox 1123 1843 1158 1898; x_wconf 90' lang='lat' dir='ltr'>et</span> <span class='ocrx_word' id='word_1_134' title='bbox 1180 1838 1218 1899; x_wconf 85' lang='lat' dir='ltr'>R.</span> <span class='ocrx_word' id='word_1_135' title='bbox 1242 1837 1283 1900; x_wconf 91' lang='lat' dir='ltr'>de</span> <span class='ocrx_word' id='word_1_136' title='bbox 1303 1838 1386 1900; x_wconf 90' lang='lat' dir='ltr'>Mar&#39;</span> <span class='ocrx_word' id='word_1_137' title='bbox 1406 1849 1442 1902; x_wconf 91' lang='lat' dir='ltr'>et</span> 
     </span>
     <span class='ocr_line' id='line_1_17' title="bbox 295 1931 1442 2016; baseline -0.001 -19"><span class='ocrx_word' id='word_1_138' title='bbox 295 1935 365 1997; x_wconf 90' lang='lat' dir='ltr'>aliis</span> <span class='ocrx_word' id='word_1_139' title='bbox 392 1933 538 2016; x_wconf 91' lang='lat' dir='ltr'>pluribus</span> <span class='ocrx_word' id='word_1_140' title='bbox 569 1933 751 2016; x_wconf 82' lang='lat' dir='ltr'>fidedignis.</span> <span class='ocrx_word' id='word_1_141' title='bbox 799 1931 1019 1994; x_wconf 84' lang='lat' dir='ltr'>Confessioues</span> <span class='ocrx_word' id='word_1_142' title='bbox 1042 1953 1116 1993; x_wconf 90' lang='lat' dir='ltr'>vero</span> <span class='ocrx_word' id='word_1_143' title='bbox 1145 1932 1334 1996; x_wconf 89' lang='lat' dir='ltr'>clericorum</span> <span class='ocrx_word' id='word_1_144' title='bbox 1361 1956 1442 2016; x_wconf 84' lang='lat' dir='ltr'>prae-</span> 
     </span>
     <span class='ocr_line' id='line_1_18' title="bbox 295 2027 1418 2110; baseline 0.001 -18"><span class='ocrx_word' id='word_1_145' title='bbox 295 2032 455 2093; x_wconf 89' lang='lat' dir='ltr'>dictorum</span> <span class='ocrx_word' id='word_1_146' title='bbox 472 2030 625 2091; x_wconf 89' lang='lat' dir='ltr'>distincte</span> <span class='ocrx_word' id='word_1_147' title='bbox 641 2035 675 2090; x_wconf 90' lang='lat' dir='ltr'>et</span> <span class='ocrx_word' id='word_1_148' title='bbox 690 2034 800 2110; x_wconf 89' lang='lat' dir='ltr'>aperte</span> <span class='ocrx_word' id='word_1_149' title='bbox 817 2027 1001 2089; x_wconf 89' lang='lat' dir='ltr'>scribuntur</span> <span class='ocrx_word' id='word_1_150' title='bbox 1016 2029 1050 2089; x_wconf 92' lang='lat' dir='ltr'>in</span> <span class='ocrx_word' id='word_1_151' title='bbox 1066 2029 1180 2090; x_wconf 91' lang='lat' dir='ltr'>cedula</span> <span class='ocrx_word' id='word_1_152' title='bbox 1195 2028 1259 2091; x_wconf 87' lang='lat' dir='ltr'>hiis</span> <span class='ocrx_word' id='word_1_153' title='bbox 1274 2037 1418 2094; x_wconf 82' lang='lat' dir='ltr'>consuta</span> 
     </span>
     <span class='ocr_line' id='line_1_19' title="bbox 364 2121 1441 2206; baseline 0.002 -18"><span class='ocrx_word' id='word_1_154' title='bbox 364 2123 427 2188; x_wconf 82' lang='lat' dir='ltr'>The</span> <span class='ocrx_word' id='word_1_155' title='bbox 442 2123 591 2188; x_wconf 72' lang='lat' dir='ltr'>schedula</span> <span class='ocrx_word' id='word_1_156' title='bbox 606 2123 808 2206; x_wconf 78' lang='lat' dir='ltr'>conlo-ininp</span> <span class='ocrx_word' id='word_1_157' title='bbox 824 2121 874 2186; x_wconf 82' lang='lat' dir='ltr'>the</span> <span class='ocrx_word' id='word_1_158' title='bbox 889 2122 1093 2206; x_wconf 77' lang='lat' dir='ltr'>confessione</span> <span class='ocrx_word' id='word_1_159' title='bbox 1108 2123 1260 2188; x_wconf 72' lang='lat' dir='ltr'>remotas</span> <span class='ocrx_word' id='word_1_160' title='bbox 1269 2124 1441 2202; x_wconf 78' lang='lat' dir='ltr'>attached,-</span> 
     </span>
     <span class='ocr_line' id='line_1_20' title="bbox 295 2218 1098 2304; baseline 0 -21"><span class='ocrx_word' id='word_1_161' title='bbox 295 2220 365 2283; x_wconf 87' lang='lat' dir='ltr'>olso</span> <span class='ocrx_word' id='word_1_162' title='bbox 381 2220 432 2283; x_wconf 84' lang='lat' dir='ltr'>the</span> <span class='ocrx_word' id='word_1_163' title='bbox 440 2221 536 2304; x_wconf 80' lang='lat' dir='ltr'>form</span> <span class='ocrx_word' id='word_1_164' title='bbox 552 2220 590 2304; x_wconf 79' lang='lat' dir='ltr'>of</span> <span class='ocrx_word' id='word_1_165' title='bbox 602 2219 836 2298; x_wconf 74' lang='lat' dir='ltr'>depredatione,</span> <span class='ocrx_word' id='word_1_166' title='bbox 853 2240 891 2282; x_wconf 78' lang='lat' dir='ltr'>aa</span> <span class='ocrx_word' id='word_1_167' title='bbox 900 2218 1037 2302; x_wconf 77' lang='lat' dir='ltr'>follows</span> <span class='ocrx_word' id='word_1_168' title='bbox 1048 2244 1098 2283; x_wconf 89' lang='lat'>:—</span> 
     </span>
     <span class='ocr_line' id='line_1_21' title="bbox 120 2315 1441 2400; baseline -0.002 -17"><span class='ocrx_word' id='word_1_169' title='bbox 120 2337 271 2384; x_wconf 72' lang='lat' dir='ltr'>Formosae·</span> <span class='ocrx_word' id='word_1_170' title='bbox 362 2317 403 2377; x_wconf 94' lang='lat' dir='ltr'>In</span> <span class='ocrx_word' id='word_1_171' title='bbox 433 2318 564 2378; x_wconf 91' lang='lat' dir='ltr'>nomine</span> <span class='ocrx_word' id='word_1_172' title='bbox 595 2317 738 2393; x_wconf 90' lang='lat' dir='ltr'>Domini,</span> <span class='ocrx_word' id='word_1_173' title='bbox 769 2318 882 2379; x_wconf 86' lang='lat' dir='ltr'>Amen.</span> <span class='ocrx_word' id='word_1_174' title='bbox 937 2315 1019 2378; x_wconf 85' lang='lat' dir='ltr'>Cum</span> <span class='ocrx_word' id='word_1_175' title='bbox 1050 2321 1089 2377; x_wconf 88' lang='lat' dir='ltr'>tu</span> <span class='ocrx_word' id='word_1_176' title='bbox 1111 2317 1148 2378; x_wconf 77' lang='lat' dir='ltr'>A.</span> <span class='ocrx_word' id='word_1_177' title='bbox 1174 2317 1215 2378; x_wconf 89' lang='lat' dir='ltr'>de</span> <span class='ocrx_word' id='word_1_178' title='bbox 1239 2317 1277 2380; x_wconf 90' lang='lat' dir='ltr'>B.</span> <span class='ocrx_word' id='word_1_179' title='bbox 1301 2320 1441 2400; x_wconf 90' lang='lat' dir='ltr'>primam</span> 
     </span>
     <span class='ocr_line' id='line_1_22' title="bbox 119 2397 1442 2498; baseline 0.005 -27"><span class='ocrx_word' id='word_1_180' title='bbox 119 2397 253 2457; x_wconf 66' lang='lat' dir='ltr'>gaunon.</span> <span class='ocrx_word' id='word_1_181' title='bbox 295 2409 417 2472; x_wconf 89' lang='lat' dir='ltr'>habens</span> <span class='ocrx_word' id='word_1_182' title='bbox 440 2415 606 2471; x_wconf 76' lang='lat' dir='ltr'>tonsuram</span> <span class='ocrx_word' id='word_1_183' title='bbox 623 2408 756 2492; x_wconf 69' lang='lat' dir='ltr'>(nostrie</span> <span class='ocrx_word' id='word_1_184' title='bbox 779 2411 871 2473; x_wconf 89' lang='lat' dir='ltr'>dioec.</span> <span class='ocrx_word' id='word_1_185' title='bbox 888 2409 1028 2494; x_wconf 80' lang='lat' dir='ltr'>erased),</span> <span class='ocrx_word' id='word_1_186' title='bbox 1045 2430 1102 2491; x_wconf 88' lang='lat' dir='ltr'>pro</span> <span class='ocrx_word' id='word_1_187' title='bbox 1124 2416 1216 2473; x_wconf 89' lang='lat' dir='ltr'>tanta</span> <span class='ocrx_word' id='word_1_188' title='bbox 1230 2417 1369 2495; x_wconf 90' lang='lat' dir='ltr'>pecunia</span> <span class='ocrx_word' id='word_1_189' title='bbox 1383 2436 1442 2498; x_wconf 89' lang='lat' dir='ltr'>per</span> 
     </span>
     <span class='ocr_line' id='line_1_23' title="bbox 296 2503 1442 2589; baseline 0.007 -23"><span class='ocrx_word' id='word_1_190' title='bbox 296 2510 329 2566; x_wconf 89' lang='lat' dir='ltr'>te</span> <span class='ocrx_word' id='word_1_191' title='bbox 353 2506 474 2566; x_wconf 88' lang='lat' dir='ltr'>furtive</span> <span class='ocrx_word' id='word_1_192' title='bbox 498 2505 661 2567; x_wconf 78' lang='lat' dir='ltr'>subtracta</span> <span class='ocrx_word' id='word_1_193' title='bbox 675 2505 749 2589; x_wconf 90' lang='lat' dir='ltr'>(pro</span> <span class='ocrx_word' id='word_1_194' title='bbox 773 2512 877 2568; x_wconf 90' lang='lat' dir='ltr'>morte</span> <span class='ocrx_word' id='word_1_195' title='bbox 892 2503 1094 2589; x_wconf 77' lang='lat' dir='ltr'>interliaed)</span> <span class='ocrx_word' id='word_1_196' title='bbox 1110 2507 1144 2567; x_wconf 93' lang='lat' dir='ltr'>in</span> <span class='ocrx_word' id='word_1_197' title='bbox 1167 2508 1226 2568; x_wconf 84' lang='lat' dir='ltr'>tali</span> <span class='ocrx_word' id='word_1_198' title='bbox 1248 2508 1318 2571; x_wconf 89' lang='lat' dir='ltr'>loco</span> <span class='ocrx_word' id='word_1_199' title='bbox 1340 2511 1442 2574; x_wconf 84' lang='lat' dir='ltr'>fueris</span> 
     </span>
     <span class='ocr_line' id='line_1_24' title="bbox 296 2599 1441 2684; baseline 0.006 -22"><span class='ocrx_word' id='word_1_200' title='bbox 296 2599 527 2683; x_wconf 88' lang='lat' dir='ltr'>deprehensus,</span> <span class='ocrx_word' id='word_1_201' title='bbox 552 2607 587 2663; x_wconf 92' lang='lat' dir='ltr'>et</span> <span class='ocrx_word' id='word_1_202' title='bbox 608 2602 649 2663; x_wconf 93' lang='lat' dir='ltr'>ob</span> <span class='ocrx_word' id='word_1_203' title='bbox 671 2600 732 2664; x_wconf 93' lang='lat' dir='ltr'>hoc</span> <span class='ocrx_word' id='word_1_204' title='bbox 755 2602 905 2663; x_wconf 89' lang='lat' dir='ltr'>carcerali</span> <span class='ocrx_word' id='word_1_205' title='bbox 929 2603 1082 2663; x_wconf 80' lang='lat' dir='ltr'>custodiae</span> <span class='ocrx_word' id='word_1_206' title='bbox 1108 2608 1264 2684; x_wconf 90' lang='lat' dir='ltr'>tanquam</span> <span class='ocrx_word' id='word_1_207' title='bbox 1295 2605 1441 2684; x_wconf 88' lang='lat' dir='ltr'>clericus,</span> 
     </span>
     <span class='ocr_line' id='line_1_25' title="bbox 296 2697 1442 2783; baseline 0.005 -26"><span class='ocrx_word' id='word_1_208' title='bbox 296 2698 509 2778; x_wconf 77' lang='lat' dir='ltr'>mancipatae,</span> <span class='ocrx_word' id='word_1_209' title='bbox 525 2704 559 2757; x_wconf 90' lang='lat' dir='ltr'>et</span> <span class='ocrx_word' id='word_1_210' title='bbox 582 2717 687 2758; x_wconf 90' lang='lat' dir='ltr'>coram</span> <span class='ocrx_word' id='word_1_211' title='bbox 710 2698 804 2759; x_wconf 92' lang='lat' dir='ltr'>nobis</span> <span class='ocrx_word' id='word_1_212' title='bbox 826 2698 867 2759; x_wconf 92' lang='lat' dir='ltr'>N.</span> <span class='ocrx_word' id='word_1_213' title='bbox 892 2697 952 2757; x_wconf 94' lang='lat' dir='ltr'>Dei</span> <span class='ocrx_word' id='word_1_214' title='bbox 973 2699 1079 2779; x_wconf 76' lang='lat' dir='ltr'>gracia</span> <span class='ocrx_word' id='word_1_215' title='bbox 1094 2698 1188 2761; x_wconf 89' lang='lat' dir='ltr'>Ebor.</span> <span class='ocrx_word' id='word_1_216' title='bbox 1205 2698 1442 2783; x_wconf 87' lang='lat' dir='ltr'>archiepiscopo</span> 
     </span>
     <span class='ocr_line' id='line_1_26' title="bbox 297 2792 1440 2879; baseline 0.005 -26"><span class='ocrx_word' id='word_1_217' title='bbox 297 2798 359 2853; x_wconf 89' lang='lat' dir='ltr'>etc.</span> <span class='ocrx_word' id='word_1_218' title='bbox 383 2793 417 2851; x_wconf 93' lang='lat' dir='ltr'>in</span> <span class='ocrx_word' id='word_1_219' title='bbox 443 2792 568 2873; x_wconf 88' lang='lat' dir='ltr'>judicio</span> <span class='ocrx_word' id='word_1_220' title='bbox 590 2793 801 2873; x_wconf 90' lang='lat' dir='ltr'>personaliter</span> <span class='ocrx_word' id='word_1_221' title='bbox 831 2793 1040 2868; x_wconf 86' lang='lat' dir='ltr'>constitutus,</span> <span class='ocrx_word' id='word_1_222' title='bbox 1068 2813 1104 2854; x_wconf 90' lang='lat' dir='ltr'>ac</span> <span class='ocrx_word' id='word_1_223' title='bbox 1136 2795 1310 2875; x_wconf 87' lang='lat' dir='ltr'>requisitus</span> <span class='ocrx_word' id='word_1_224' title='bbox 1343 2817 1440 2879; x_wconf 89' lang='lat' dir='ltr'>super</span> 
     </span>
     <span class='ocr_line' id='line_1_27' title="bbox 296 2886 1440 2974; baseline 0.006 -26"><span class='ocrx_word' id='word_1_225' title='bbox 296 2886 483 2969; x_wconf 89' lang='lat' dir='ltr'>hujusmodi</span> <span class='ocrx_word' id='word_1_226' title='bbox 506 2887 593 2948; x_wconf 83' lang='lat' dir='ltr'>furto</span> <span class='ocrx_word' id='word_1_227' title='bbox 616 2890 797 2964; x_wconf 84' lang='lat' dir='ltr'>commisso,</span> <span class='ocrx_word' id='word_1_228' title='bbox 823 2892 948 2969; x_wconf 87' lang='lat' dir='ltr'>sponte,</span> <span class='ocrx_word' id='word_1_229' title='bbox 971 2887 1181 2969; x_wconf 86' lang='lat' dir='ltr'>judicialiter,</span> <span class='ocrx_word' id='word_1_230' title='bbox 1205 2896 1240 2953; x_wconf 89' lang='lat' dir='ltr'>et</span> <span class='ocrx_word' id='word_1_231' title='bbox 1270 2892 1310 2953; x_wconf 94' lang='lat' dir='ltr'>de</span> <span class='ocrx_word' id='word_1_232' title='bbox 1341 2892 1440 2974; x_wconf 91' lang='lat' dir='ltr'>plano</span> 
     </span>
     <span class='ocr_line' id='line_1_28' title="bbox 215 2982 1441 3066; baseline 0.004 -22"><span class='ocrx_word' id='word_1_233' title='bbox 215 3046 221 3055; x_wconf 67' lang='grc'><em>,</em></span> <span class='ocrx_word' id='word_1_234' title='bbox 297 2983 460 3044; x_wconf 86' lang='lat' dir='ltr'>confessus</span> <span class='ocrx_word' id='word_1_235' title='bbox 482 2983 582 3044; x_wconf 82' lang='lat' dir='ltr'>fueris</span> <span class='ocrx_word' id='word_1_236' title='bbox 605 2990 638 3044; x_wconf 89' lang='lat' dir='ltr'>te</span> <span class='ocrx_word' id='word_1_237' title='bbox 662 2982 847 3066; x_wconf 87' lang='lat' dir='ltr'>hujusmodi</span> <span class='ocrx_word' id='word_1_238' title='bbox 871 2982 996 3044; x_wconf 80' lang='lat' dir='ltr'>furtum</span> <span class='ocrx_word' id='word_1_239' title='bbox 1019 2987 1226 3048; x_wconf 87' lang='lat' dir='ltr'>commisisse.</span> <span class='ocrx_word' id='word_1_240' title='bbox 1273 2987 1318 3048; x_wconf 88' lang='lat' dir='ltr'>Ac</span> <span class='ocrx_word' id='word_1_241' title='bbox 1334 2992 1372 3048; x_wconf 89' lang='lat' dir='ltr'>tu</span> <span class='ocrx_word' id='word_1_242' title='bbox 1387 2987 1441 3065; x_wconf 85' lang='lat' dir='ltr'>N,</span> 
     </span>
     <span class='ocr_line' id='line_1_29' title="bbox 296 3076 1440 3162; baseline 0.006 -22"><span class='ocrx_word' id='word_1_243' title='bbox 296 3081 433 3162; x_wconf 89' lang='lat' dir='ltr'>primam</span> <span class='ocrx_word' id='word_1_244' title='bbox 449 3076 571 3139; x_wconf 87' lang='lat' dir='ltr'>habens</span> <span class='ocrx_word' id='word_1_245' title='bbox 586 3086 762 3157; x_wconf 87' lang='lat' dir='ltr'>tonsuram,</span> <span class='ocrx_word' id='word_1_246' title='bbox 774 3099 885 3140; x_wconf 83' lang='lat' dir='ltr'>coram</span> <span class='ocrx_word' id='word_1_247' title='bbox 900 3079 993 3139; x_wconf 89' lang='lat' dir='ltr'>nobis</span> <span class='ocrx_word' id='word_1_248' title='bbox 1009 3086 1071 3140; x_wconf 91' lang='lat' dir='ltr'>etc.</span> <span class='ocrx_word' id='word_1_249' title='bbox 1084 3082 1246 3144; x_wconf 88' lang='lat' dir='ltr'>coufessus</span> <span class='ocrx_word' id='word_1_250' title='bbox 1262 3082 1361 3144; x_wconf 81' lang='lat' dir='ltr'>fueris</span> <span class='ocrx_word' id='word_1_251' title='bbox 1377 3090 1440 3147; x_wconf 86' lang='lat' dir='ltr'>eto.</span> 
     </span>
     <span class='ocr_line' id='line_1_30' title="bbox 296 3173 1442 3261; baseline 0.003 -24"><span class='ocrx_word' id='word_1_252' title='bbox 296 3176 327 3237; x_wconf 91' lang='lat' dir='ltr'>N</span> <span class='ocrx_word' id='word_1_253' title='bbox 330 3197 363 3237; x_wconf 89' lang='lat' dir='ltr'>os</span> <span class='ocrx_word' id='word_1_254' title='bbox 380 3175 420 3236; x_wconf 88' lang='lat' dir='ltr'>N.</span> <span class='ocrx_word' id='word_1_255' title='bbox 436 3173 692 3256; x_wconf 87' lang='lat' dir='ltr'>archiepiscopus</span> <span class='ocrx_word' id='word_1_256' title='bbox 707 3175 890 3256; x_wconf 79' lang='lat' dir='ltr'>praedictus,</span> <span class='ocrx_word' id='word_1_257' title='bbox 906 3174 1110 3236; x_wconf 82' lang='lat' dir='ltr'>advertentes</span> <span class='ocrx_word' id='word_1_258' title='bbox 1134 3222 1141 3239; x_wconf 90' lang='lat'><strong>.</strong></span> <span class='ocrx_word' id='word_1_259' title='bbox 1166 3221 1175 3239; x_wconf 85' lang='lat'><strong>.</strong></span> <span class='ocrx_word' id='word_1_260' title='bbox 1198 3178 1442 3261; x_wconf 87' lang='lat' dir='ltr'>degradandum</span> 
     </span>
     <span class='ocr_line' id='line_1_31' title="bbox 296 3269 1443 3355; baseline 0.003 -22"><span class='ocrx_word' id='word_1_261' title='bbox 296 3270 351 3355; x_wconf 81' lang='lat' dir='ltr'>(os</span> <span class='ocrx_word' id='word_1_262' title='bbox 370 3269 479 3344; x_wconf 65' lang='grc' dir='ltr'><strong><em>ιώουε,</em></strong></span> <span class='ocrx_word' id='word_1_263' title='bbox 502 3291 532 3351; x_wconf 91' lang='lat' dir='ltr'>p.</span> <span class='ocrx_word' id='word_1_264' title='bbox 550 3269 618 3352; x_wconf 83' lang='lat'>35).</span> <span class='ocrx_word' id='word_1_265' title='bbox 708 3271 751 3331; x_wconf 88' lang='lat' dir='ltr'>Et</span> <span class='ocrx_word' id='word_1_266' title='bbox 772 3272 806 3330; x_wconf 86' lang='lat' dir='ltr'>in</span> <span class='ocrx_word' id='word_1_267' title='bbox 823 3270 1052 3353; x_wconf 86' lang='lat' dir='ltr'>degradacione</span> <span class='ocrx_word' id='word_1_268' title='bbox 1075 3271 1173 3333; x_wconf 90' lang='lat' dir='ltr'>debet</span> <span class='ocrx_word' id='word_1_269' title='bbox 1195 3273 1333 3355; x_wconf 89' lang='lat' dir='ltr'>quilibet</span> <span class='ocrx_word' id='word_1_270' title='bbox 1355 3295 1443 3337; x_wconf 90' lang='lat' dir='ltr'>corn-</span> 
     </span>
     <span class='ocr_line' id='line_1_32' title="bbox 297 3365 1442 3448; baseline 0.004 -21"><span class='ocrx_word' id='word_1_271' title='bbox 297 3387 407 3448; x_wconf 86' lang='lat' dir='ltr'>parere</span> <span class='ocrx_word' id='word_1_272' title='bbox 434 3366 568 3425; x_wconf 90' lang='lat' dir='ltr'>indutus</span> <span class='ocrx_word' id='word_1_273' title='bbox 592 3365 824 3446; x_wconf 82' lang='lat' dir='ltr'>superpelliceo</span> <span class='ocrx_word' id='word_1_274' title='bbox 845 3367 880 3426; x_wconf 91' lang='lat' dir='ltr'>iu</span> <span class='ocrx_word' id='word_1_275' title='bbox 903 3366 1093 3427; x_wconf 87' lang='lat' dir='ltr'>occidentali</span> <span class='ocrx_word' id='word_1_276' title='bbox 1117 3369 1199 3429; x_wconf 90' lang='lat' dir='ltr'>ostio</span> <span class='ocrx_word' id='word_1_277' title='bbox 1229 3370 1383 3446; x_wconf 88' lang='lat' dir='ltr'>ecclesiae,</span> <span class='ocrx_word' id='word_1_278' title='bbox 1407 3375 1442 3433; x_wconf 89' lang='lat' dir='ltr'>et</span> 
     </span>
     <span class='ocr_line' id='line_1_33' title="bbox 297 3458 1442 3547; baseline 0.005 -26"><span class='ocrx_word' id='word_1_279' title='bbox 297 3482 355 3544; x_wconf 90' lang='lat' dir='ltr'>per</span> <span class='ocrx_word' id='word_1_280' title='bbox 376 3458 654 3539; x_wconf 89' lang='lat' dir='ltr'>archiepiscopum</span> <span class='ocrx_word' id='word_1_281' title='bbox 674 3460 911 3541; x_wconf 90' lang='lat' dir='ltr'>pontificalibus</span> <span class='ocrx_word' id='word_1_282' title='bbox 934 3462 1086 3523; x_wconf 85' lang='lat' dir='ltr'>indutum</span> <span class='ocrx_word' id='word_1_283' title='bbox 1112 3465 1186 3524; x_wconf 89' lang='lat' dir='ltr'>exui</span> <span class='ocrx_word' id='word_1_284' title='bbox 1210 3464 1442 3547; x_wconf 89' lang='lat' dir='ltr'>superpelliceo</span> 
     </span>
     <span class='ocr_line' id='line_1_34' title="bbox 297 3553 1440 3643; baseline 0.006 -28"><span class='ocrx_word' id='word_1_285' title='bbox 297 3556 358 3617; x_wconf 87' lang='lat' dir='ltr'>sub</span> <span class='ocrx_word' id='word_1_286' title='bbox 370 3553 433 3615; x_wconf 91' lang='lat' dir='ltr'>hiis</span> <span class='ocrx_word' id='word_1_287' title='bbox 449 3555 566 3630; x_wconf 87' lang='lat' dir='ltr'>verbis,</span> <span class='ocrx_word' id='word_1_288' title='bbox 576 3554 776 3617; x_wconf 87' lang='lat' dir='ltr'>Auctoritate</span> <span class='ocrx_word' id='word_1_289' title='bbox 793 3562 854 3618; x_wconf 78' lang='lat' dir='ltr'>etc.</span> <span class='ocrx_word' id='word_1_290' title='bbox 868 3557 952 3618; x_wconf 87' lang='lat' dir='ltr'>sicut</span> <span class='ocrx_word' id='word_1_291' title='bbox 966 3559 1001 3619; x_wconf 89' lang='lat' dir='ltr'>in</span> <span class='ocrx_word' id='word_1_292' title='bbox 1017 3556 1168 3619; x_wconf 86' lang='lat' dir='ltr'>decretali</span> <span class='ocrx_word' id='word_1_293' title='bbox 1184 3559 1348 3622; x_wconf 88' lang='lat' dir='ltr'>Bonefacii</span> <span class='ocrx_word' id='word_1_294' title='bbox 1360 3560 1440 3643; x_wconf 82' lang='lat' dir='ltr'>viij.¹</span> 
     </span>
     <span class='ocr_line' id='line_1_35' title="bbox 297 3649 1156 3736; baseline 0.005 -24"><span class='ocrx_word' id='word_1_295' title='bbox 297 3651 341 3712; x_wconf 89' lang='lat' dir='ltr'>Et</span> <span class='ocrx_word' id='word_1_296' title='bbox 357 3656 430 3731; x_wconf 89' lang='lat' dir='ltr'>post</span> <span class='ocrx_word' id='word_1_297' title='bbox 445 3649 543 3711; x_wconf 89' lang='lat' dir='ltr'>debet</span> <span class='ocrx_word' id='word_1_298' title='bbox 557 3650 625 3711; x_wconf 88' lang='lat' dir='ltr'>radi</span> <span class='ocrx_word' id='word_1_299' title='bbox 642 3649 692 3711; x_wconf 88' lang='lat' dir='ltr'>vel</span> <span class='ocrx_word' id='word_1_300' title='bbox 708 3652 835 3713; x_wconf 89' lang='lat' dir='ltr'>tonderi</span> <span class='ocrx_word' id='word_1_301' title='bbox 852 3653 955 3734; x_wconf 88' lang='lat' dir='ltr'>capud</span> <span class='ocrx_word' id='word_1_302' title='bbox 971 3654 1156 3736; x_wconf 88' lang='lat' dir='ltr'>cujuslibet.</span> 
     </span>
    </p>
   </div>
   <div class='ocr_carea' id='block_1_3' title="bbox 364 3744 1211 3835">
    <p class='ocr_par' dir='ltr' id='par_1_3' title="bbox 364 3744 1211 3835">
     <span class='ocr_line' id='line_1_36' title="bbox 364 3744 1211 3835; baseline 0.008 -30"><span class='ocrx_word' id='word_1_303' title='bbox 364 3744 565 3806; x_wconf 83' lang='lat' dir='ltr'>Auctoritate</span> <span class='ocrx_word' id='word_1_304' title='bbox 582 3744 642 3805; x_wconf 92' lang='lat' dir='ltr'>Dei</span> <span class='ocrx_word' id='word_1_305' title='bbox 667 3790 675 3806; x_wconf 89' lang='lat'><strong>.</strong></span> <span class='ocrx_word' id='word_1_306' title='bbox 700 3791 708 3807; x_wconf 89' lang='lat'><strong>.</strong></span> <span class='ocrx_word' id='word_1_307' title='bbox 733 3748 883 3829; x_wconf 88' lang='lat' dir='ltr'>recepisti</span> <span class='ocrx_word' id='word_1_308' title='bbox 899 3750 954 3830; x_wconf 82' lang='lat' dir='ltr'>(os</span> <span class='ocrx_word' id='word_1_309' title='bbox 970 3747 1078 3827; x_wconf 79' lang='lat' dir='ltr'>above,</span> <span class='ocrx_word' id='word_1_310' title='bbox 1094 3771 1125 3832; x_wconf 91' lang='lat' dir='ltr'>p.</span> <span class='ocrx_word' id='word_1_311' title='bbox 1143 3749 1211 3835; x_wconf 88' lang='grc'>36).</span> 
     </span>
    </p>
   </div>
   <div class='ocr_carea' id='block_1_4' title="bbox 299 3890 1442 3988">
    <p class='ocr_par' dir='ltr' id='par_1_4' title="bbox 299 3890 1442 3988">
     <span class='ocr_line' id='line_1_37' title="bbox 299 3890 1442 3988; baseline 0.008 -27"><span class='ocrx_word' id='word_1_312' title='bbox 299 3890 303 3897; x_wconf 66' lang='grc'><strong>’</strong></span> <span class='ocrx_word' id='word_1_313' title='bbox 366 3900 615 3962; x_wconf 87' lang='lat' dir='ltr'>Memorandum</span> <span class='ocrx_word' id='word_1_314' title='bbox 642 3901 728 3981; x_wconf 92' lang='lat' dir='ltr'>quod</span> <span class='ocrx_word' id='word_1_315' title='bbox 758 3903 921 3965; x_wconf 84' lang='lat' dir='ltr'>Walterus</span> <span class='ocrx_word' id='word_1_316' title='bbox 950 3905 990 3967; x_wconf 89' lang='lat' dir='ltr'>de</span> <span class='ocrx_word' id='word_1_317' title='bbox 1022 3903 1178 3988; x_wconf 84' lang='lat' dir='ltr'>Kirkeby‚</span> <span class='ocrx_word' id='word_1_318' title='bbox 1205 3905 1372 3968; x_wconf 87' lang='lat' dir='ltr'>Galfridus</span> <span class='ocrx_word' id='word_1_319' title='bbox 1401 3909 1442 3970; x_wconf 93' lang='lat' dir='ltr'>de</span> 
     </span>
    </p>
   </div>
   <div class='ocr_carea' id='block_1_5' title="bbox 296 4032 1447 4497">
    <p class='ocr_par' dir='ltr' id='par_1_5' title="bbox 296 4032 1447 4497">
     <span class='ocr_line' id='line_1_38' title="bbox 354 4032 1447 4110; baseline 0.007 -24"><span class='ocrx_word' id='word_1_320' title='bbox 354 4034 397 4102; x_wconf 86' lang='grc'>(1)</span> <span class='ocrx_word' id='word_1_321' title='bbox 418 4033 467 4086; x_wconf 89' lang='lat' dir='ltr'>See</span> <span class='ocrx_word' id='word_1_322' title='bbox 480 4032 555 4086; x_wconf 80' lang='lat' dir='ltr'>Serti</span> <span class='ocrx_word' id='word_1_323' title='bbox 566 4033 755 4102; x_wconf 81' lang='lat' dir='ltr'>Decretolium,</span> <span class='ocrx_word' id='word_1_324' title='bbox 767 4035 812 4089; x_wconf 90' lang='lat' dir='ltr'>lib.</span> <span class='ocrx_word' id='word_1_325' title='bbox 826 4055 863 4103; x_wconf 85' lang='lat' dir='ltr'>v.,</span> <span class='ocrx_word' id='word_1_326' title='bbox 875 4037 919 4091; x_wconf 90' lang='lat' dir='ltr'>tit.</span> <span class='ocrx_word' id='word_1_327' title='bbox 933 4038 980 4104; x_wconf 71' lang='lat' dir='ltr'>in,</span> <span class='ocrx_word' id='word_1_328' title='bbox 993 4057 1050 4110; x_wconf 84' lang='lat' dir='ltr'>cap.</span> <span class='ocrx_word' id='word_1_329' title='bbox 1065 4038 1104 4106; x_wconf 75' lang='lat' dir='ltr'>ii,</span> <span class='ocrx_word' id='word_1_330' title='bbox 1116 4056 1145 4093; x_wconf 82' lang='lat' dir='ltr'>ss</span> <span class='ocrx_word' id='word_1_331' title='bbox 1158 4046 1185 4093; x_wconf 86' lang='lat' dir='ltr'>to</span> <span class='ocrx_word' id='word_1_332' title='bbox 1198 4040 1244 4093; x_wconf 87' lang='lat' dir='ltr'>the</span> <span class='ocrx_word' id='word_1_333' title='bbox 1256 4039 1306 4092; x_wconf 81' lang='lat' dir='ltr'>full</span> <span class='ocrx_word' id='word_1_334' title='bbox 1319 4039 1402 4093; x_wconf 84' lang='lat' dir='ltr'>ritual</span> <span class='ocrx_word' id='word_1_335' title='bbox 1415 4040 1447 4094; x_wconf 80' lang='lat' dir='ltr'>os</span> 
     </span>
     <span class='ocr_line' id='line_1_39' title="bbox 299 4109 1442 4185; baseline 0.003 -19"><span class='ocrx_word' id='word_1_336' title='bbox 299 4111 483 4182; x_wconf 75' lang='lat' dir='ltr'>degradation.</span> <span class='ocrx_word' id='word_1_337' title='bbox 521 4110 568 4162; x_wconf 81' lang='lat' dir='ltr'>All</span> <span class='ocrx_word' id='word_1_338' title='bbox 581 4109 674 4178; x_wconf 77' lang='lat' dir='ltr'>things</span> <span class='ocrx_word' id='word_1_339' title='bbox 685 4112 747 4165; x_wconf 82' lang='lat' dir='ltr'>that</span> <span class='ocrx_word' id='word_1_340' title='bbox 765 4113 817 4167; x_wconf 85' lang='lat' dir='ltr'>had</span> <span class='ocrx_word' id='word_1_341' title='bbox 831 4113 897 4167; x_wconf 86' lang='lat' dir='ltr'>been</span> <span class='ocrx_word' id='word_1_342' title='bbox 916 4117 1049 4170; x_wconf 71' lang='lat' dir='ltr'>delivered</span> <span class='ocrx_word' id='word_1_343' title='bbox 1062 4126 1091 4169; x_wconf 83' lang='lat' dir='ltr'>to</span> <span class='ocrx_word' id='word_1_344' title='bbox 1104 4133 1120 4169; x_wconf 80' lang='lat' dir='ltr'>a</span> <span class='ocrx_word' id='word_1_345' title='bbox 1132 4116 1213 4185; x_wconf 87' lang='lat' dir='ltr'>clerk,</span> <span class='ocrx_word' id='word_1_346' title='bbox 1225 4134 1256 4170; x_wconf 89' lang='lat' dir='ltr'>or</span> <span class='ocrx_word' id='word_1_347' title='bbox 1268 4117 1338 4169; x_wconf 86' lang='lat' dir='ltr'>with</span> <span class='ocrx_word' id='word_1_348' title='bbox 1351 4117 1442 4171; x_wconf 87' lang='lat' dir='ltr'>which</span> 
     </span>
     <span class='ocr_line' id='line_1_40' title="bbox 299 4187 1442 4260; baseline 0.003 -14"><span class='ocrx_word' id='word_1_349' title='bbox 299 4194 333 4246; x_wconf 88' lang='lat' dir='ltr'>he</span> <span class='ocrx_word' id='word_1_350' title='bbox 346 4191 399 4244; x_wconf 79' lang='lat' dir='ltr'>hod</span> <span class='ocrx_word' id='word_1_351' title='bbox 412 4189 478 4242; x_wconf 85' lang='lat' dir='ltr'>been</span> <span class='ocrx_word' id='word_1_352' title='bbox 490 4187 622 4254; x_wconf 81' lang='lat' dir='ltr'>invest-ed,</span> <span class='ocrx_word' id='word_1_353' title='bbox 635 4206 705 4242; x_wconf 82' lang='lat' dir='ltr'>were</span> <span class='ocrx_word' id='word_1_354' title='bbox 717 4190 782 4244; x_wconf 87' lang='lat' dir='ltr'>then</span> <span class='ocrx_word' id='word_1_355' title='bbox 794 4192 875 4246; x_wconf 83' lang='lat' dir='ltr'>taken</span> <span class='ocrx_word' id='word_1_356' title='bbox 893 4193 961 4246; x_wconf 82' lang='lat' dir='ltr'>from</span> <span class='ocrx_word' id='word_1_357' title='bbox 974 4194 1040 4260; x_wconf 88' lang='lat' dir='ltr'>him,</span> <span class='ocrx_word' id='word_1_358' title='bbox 1052 4195 1106 4247; x_wconf 83' lang='lat' dir='ltr'>aud</span> <span class='ocrx_word' id='word_1_359' title='bbox 1117 4194 1160 4247; x_wconf 83' lang='lat' dir='ltr'>his</span> <span class='ocrx_word' id='word_1_360' title='bbox 1171 4203 1282 4249; x_wconf 84' lang='lat' dir='ltr'>tonsure</span> <span class='ocrx_word' id='word_1_361' title='bbox 1294 4212 1352 4248; x_wconf 80' lang='lat' dir='ltr'>was</span> <span class='ocrx_word' id='word_1_362' title='bbox 1364 4196 1442 4249; x_wconf 77' lang='lat' dir='ltr'>made</span> 
     </span>
     <span class='ocr_line' id='line_1_41' title="bbox 298 4266 1442 4345; baseline 0.005 -25"><span class='ocrx_word' id='word_1_363' title='bbox 298 4279 327 4325; x_wconf 79' lang='lat' dir='ltr'>to</span> <span class='ocrx_word' id='word_1_364' title='bbox 345 4269 483 4337; x_wconf 84' lang='lat' dir='ltr'>disappear</span> <span class='ocrx_word' id='word_1_365' title='bbox 502 4266 536 4335; x_wconf 92' lang='lat' dir='ltr'>by</span> <span class='ocrx_word' id='word_1_366' title='bbox 551 4266 665 4335; x_wconf 68' lang='lat' dir='ltr'>shaviup</span> <span class='ocrx_word' id='word_1_367' title='bbox 683 4267 726 4320; x_wconf 85' lang='lat' dir='ltr'>his</span> <span class='ocrx_word' id='word_1_368' title='bbox 743 4269 813 4322; x_wconf 84' lang='lat' dir='ltr'>head</span> <span class='ocrx_word' id='word_1_369' title='bbox 837 4271 873 4324; x_wconf 85' lang='lat' dir='ltr'>all</span> <span class='ocrx_word' id='word_1_370' title='bbox 898 4288 970 4326; x_wconf 86' lang='lat' dir='ltr'>over.</span> <span class='ocrx_word' id='word_1_371' title='bbox 1006 4272 1064 4325; x_wconf 85' lang='lat' dir='ltr'>The</span> <span class='ocrx_word' id='word_1_372' title='bbox 1083 4273 1136 4326; x_wconf 81' lang='lat' dir='ltr'>last</span> <span class='ocrx_word' id='word_1_373' title='bbox 1156 4274 1235 4345; x_wconf 71' lang='lat' dir='ltr'>thing</span> <span class='ocrx_word' id='word_1_374' title='bbox 1255 4273 1393 4327; x_wconf 81' lang='lat' dir='ltr'>conferred</span> <span class='ocrx_word' id='word_1_375' title='bbox 1412 4279 1442 4326; x_wconf 82' lang='lat' dir='ltr'>at</span> 
     </span>
     <span class='ocr_line' id='line_1_42' title="bbox 298 4345 1442 4420; baseline 0 -16"><span class='ocrx_word' id='word_1_376' title='bbox 298 4346 448 4404; x_wconf 84' lang='lat' dir='ltr'>ordination</span> <span class='ocrx_word' id='word_1_377' title='bbox 459 4363 514 4398; x_wconf 82' lang='lat' dir='ltr'>was</span> <span class='ocrx_word' id='word_1_378' title='bbox 525 4345 650 4397; x_wconf 82' lang='lat' dir='ltr'>removed</span> <span class='ocrx_word' id='word_1_379' title='bbox 663 4345 728 4411; x_wconf 86' lang='lat' dir='ltr'>first,</span> <span class='ocrx_word' id='word_1_380' title='bbox 741 4348 794 4400; x_wconf 84' lang='lat' dir='ltr'>and</span> <span class='ocrx_word' id='word_1_381' title='bbox 806 4350 854 4400; x_wconf 85' lang='lat' dir='ltr'>the</span> <span class='ocrx_word' id='word_1_382' title='bbox 866 4349 926 4402; x_wconf 85' lang='lat' dir='ltr'>first</span> <span class='ocrx_word' id='word_1_383' title='bbox 937 4349 997 4415; x_wconf 81' lang='lat' dir='ltr'>last,</span> <span class='ocrx_word' id='word_1_384' title='bbox 1009 4350 1078 4403; x_wconf 83' lang='lat' dir='ltr'>with</span> <span class='ocrx_word' id='word_1_385' title='bbox 1098 4352 1144 4405; x_wconf 89' lang='lat' dir='ltr'>the</span> <span class='ocrx_word' id='word_1_386' title='bbox 1162 4351 1252 4406; x_wconf 86' lang='lat' dir='ltr'>words</span> <span class='ocrx_word' id='word_1_387' title='bbox 1265 4351 1442 4420; x_wconf 66' lang='lat' dir='ltr'>Auctoritatis,</span> 
     </span>
     <span class='ocr_line' id='line_1_43' title="bbox 296 4421 1187 4497; baseline 0.001 -15"><span class='ocrx_word' id='word_1_388' title='bbox 296 4436 358 4495; x_wconf 78' lang='lat' dir='ltr'>etc,</span> <span class='ocrx_word' id='word_1_389' title='bbox 370 4442 400 4479; x_wconf 90' lang='lat' dir='ltr'>or</span> <span class='ocrx_word' id='word_1_390' title='bbox 413 4440 484 4476; x_wconf 82' lang='lat' dir='ltr'>some</span> <span class='ocrx_word' id='word_1_391' title='bbox 496 4421 599 4474; x_wconf 78' lang='lat' dir='ltr'>similar</span> <span class='ocrx_word' id='word_1_392' title='bbox 611 4421 688 4476; x_wconf 78' lang='lat' dir='ltr'>torm.</span> <span class='ocrx_word' id='word_1_393' title='bbox 712 4423 870 4478; x_wconf 71' lang='lat' dir='ltr'>Decretales.</span> <span class='ocrx_word' id='word_1_394' title='bbox 882 4426 970 4497; x_wconf 85' lang='lat' dir='ltr'>Lugd.</span> <span class='ocrx_word' id='word_1_395' title='bbox 984 4428 1063 4488; x_wconf 71' lang='lat' dir='ltr'>less.</span> <span class='ocrx_word' id='word_1_396' title='bbox 1074 4428 1113 4482; x_wconf 91' lang='lat' dir='ltr'>iii.</span> <span class='ocrx_word' id='word_1_397' title='bbox 1126 4429 1187 4484; x_wconf 78' lang='lat'><strong>690.</strong></span> 
     </span>
    </p>
   </div>
   <div class='ocr_carea' id='block_1_6' title="bbox 0 0 1526 4994">
    <p class='ocr_par' dir='ltr' id='par_1_6' title="bbox 0 0 1526 4994">
     <span class='ocr_line' id='line_1_44' title="bbox 0 0 1526 4994; baseline 0 0"><span class='ocrx_word' id='word_1_398' title='bbox 0 0 1526 4994; x_wconf 95' lang='lat' dir='ltr'> </span> 
     </span>
    </p>
   </div>
  </div>
 </body>
</html>
