2992 5010
621 354 829 408 naitonum
854 354 900 407 OF
925 352 1049 407 utnon.

263 525 426 609 magistris
448 525 501 588 W.
524 525 565 587 de
590 525 729 601 Beuerl’,
743 524 796 587 W.
820 524 861 586 de
885 520 1031 601 Estden’,
1054 520 1187 584 domino
1211 518 1352 582 Roberto
1376 520 1416 584 de

263 618 424 702 Notingb.
454 630 490 683 et
519 622 655 683 Ricardo
685 621 725 683 de
757 619 877 683 Clifton
911 620 1038 681 notario
1067 615 1232 700 pupplico,
1263 614 1417 691 dominus

263 714 438 779 Nicholaus
452 717 493 779 de
509 718 697 801 Bondegate
716 717 841 800 juravit
864 718 899 777 in
922 715 1020 778 verbo
1042 714 1114 792 Dei,
1130 713 1286 794 inspectis
1302 713 1417 773 Ewan-

262 813 359 895 geliis
373 815 495 894 apertis
510 834 617 875 coram
639 835 688 890 eo,
703 818 860 874 contenta
876 811 1008 895 singula
1030 812 1065 872 in
1089 829 1156 870 suae
1178 809 1416 870 commissionis

262 908 358 969 litera
387 908 528 971 fideliter
557 910 736 972 observare.
804 909 849 969 Et
877 908 1085 990 postmodum
1119 904 1244 988 juravit
1283 905 1417 966 domino

263 1005 449 1065 canonicam
465 1005 686 1067 obedientiam
702 1004 778 1067 etc.¹

330 1140 527 1219 Willelmus,
551 1146 626 1217 etc,
650 1142 769 1204 dilecto
799 1142 833 1203 in
865 1138 993 1203 Christo
1022 1139 1100 1215 filio,
1126 1137 1259 1200 domino
1287 1137 1416 1221 Rogero

265 1234 390 1317 Swayn,
405 1239 557 1299 canonico
579 1238 722 1299 ecclesiae
745 1243 862 1299 nostrae
886 1237 1012 1320 Ripon’,
1037 1235 1187 1310 salutem,
1210 1233 1364 1316 graciam,
1380 1237 1416 1295 et

268 1331 542 1396 benediccionem.
588 1334 671 1408 Quia
686 1335 867 1396 custodiam
882 1332 1052 1416 hospitalis
1067 1333 1176 1394 Beatae
1192 1331 1305 1391 Mariae
1321 1329 1416 1414 Mag-

263 1427 388 1517 dalenae
412 1428 529 1510 Ripon’
554 1451 629 1491 cum
659 1430 811 1492 omnibus
836 1429 968 1512 juribus
998 1435 1032 1490 et
1062 1426 1275 1510 pertinenciis
1299 1427 1416 1507 ipsius,

263 1543 389 1586 necnon
414 1524 733 1589 administracionem
756 1526 914 1588 bonorum
929 1523 1098 1607 hospitalis
1121 1522 1270 1604 ejusdem
1294 1521 1415 1583 dilecto
1449 1573 1454 1582 .

263 1620 300 1682 in
316 1618 444 1683 Christo
467 1621 544 1699 filio,
559 1622 691 1685 domino
706 1621 864 1684 Nicbolao
878 1623 919 1684 de
935 1622 1123 1704 Bondegate
1145 1617 1313 1700 capellano
1328 1638 1415 1679 com-

264 1717 424 1795 misimus,
440 1723 548 1779 amoto
562 1720 653 1801 prius
674 1720 827 1781 exsertis
849 1724 883 1780 et
905 1718 1065 1802 legitimis
1089 1715 1192 1778 causis
1207 1715 1351 1777 Patricio
1372 1713 1414 1775 de

265 1813 447 1875 Braffcrton
463 1835 483 1875 a
504 1815 652 1877 custodia
666 1813 835 1897 hospitalis
850 1815 1009 1898 praedicti,
1024 1819 1058 1874 et
1080 1813 1122 1874 ab
1143 1811 1233 1873 omni
1257 1810 1413 1871 adminis-

264 1911 407 1972 tracione
423 1910 580 1973 bonorum
603 1913 751 1995 ejusdem
766 1914 898 1993 penitus
919 1910 1079 1986 absoluto,
1097 1908 1185 1969 vobis
1208 1906 1412 1983 mandamus,

263 2005 401 2069 firmiter
416 2006 628 2091 injungentes
650 2009 804 2090 quatinus
827 2008 952 2070 dictum
975 2006 1144 2066 dominum
1159 2001 1353 2065 Nicholaum
1377 2003 1411 2063 in

262 2102 456 2184 corporalem
470 2105 705 2185 possessionem
721 2104 875 2165 custudiae
890 2108 925 2164 et
936 2100 1231 2163 administracionis
1242 2096 1412 2180 hospitalis

262 2200 409 2280 praedicti
436 2200 504 2260 vice
529 2206 650 2276 nostra,
678 2202 792 2261 statim
821 2199 959 2281 receptis
990 2195 1213 2280 praesentibus,
1229 2194 1411 2270 inducatis3

262 2294 476 2378 injungentes
498 2295 649 2357 omuibus
673 2302 708 2357 ct
735 2295 875 2378 singulis
905 2294 1107 2369 tenentibus,
1135 2290 1351 2354 servientibus
1377 2295 1412 2352 et

262 2391 420 2451 ministris
430 2387 599 2472 hospitalis
609 2390 638 2473 ej
642 2391 767 2470 uadem,
774 2397 812 2453 ut
823 2392 911 2453 dicto
923 2391 1054 2453 domino
1063 2390 1095 2451 N
1095 2386 1231 2466 icholao,
1242 2393 1424 2468 tamquam·

262 2483 390 2546 custodi
418 2490 453 2547 et
482 2487 737 2549 administratori
760 2508 780 2549 a
805 2488 899 2549 nobis
925 2487 1074 2570 legitime
1100 2485 1292 2561 constituto,
1316 2487 1412 2565 prout

261 2584 428 2657 tenentur,
457 2582 492 2642 in
522 2583 673 2644 omnibus
702 2583 813 2647 debite
843 2589 978 2665 pareant
1008 2588 1044 2643 et
1074 2580 1260 2643 intendant.
1320 2578 1410 2640 Bene

262 2676 380 2738 valete.
425 2677 500 2739 Dat.
516 2678 603 2760 apud
615 2678 760 2758 Wilton',
769 2679 834 2763 xvij
852 2679 959 2741 Kal’n.
971 2678 1157 2756 Novembr,
1172 2675 1289 2759 pontif.
1306 2676 1409 2737 nostri

262 2792 347 2835 anno
363 2793 479 2855 pumo.

87 2892 145 2998 irs)
330 2917 524 2998 Willelmus,
547 2923 610 2982 etc.
637 2919 766 2982 dilectis
792 2921 826 2982 in
852 2919 980 2984 Christo
1007 2920 1095 2998 filiis,
1118 2917 1258 2981 dominis
1283 2916 1410 3000 Rogero

84 2996 215 3104 fflzoe
263 3015 376 3099 Swayn
407 3019 569 3094 canonico,
600 3022 635 3079 et
665 3015 822 3080 Nicbolao
851 3019 891 3080 de
930 3019 1119 3101 Bondegate
1148 3016 1271 3077 decano
1301 3018 1410 3075 nostro

88 3139 220 3188 W
263 3111 389 3194 Ripon’,
415 3114 566 3191 salutem,
590 3117 743 3197 graciam,
767 3120 801 3177 et
823 3115 1095 3177 benediccionem.
1139 3112 1281 3172 Visitato
1306 3130 1410 3193 nuper

84 3199 213 3320 πῂ
262 3212 455 3274 auctoritate
478 3218 588 3274 nostra
612 3211 765 3294 hospitali
790 3212 899 3273 Beatae
923 3211 1035 3273 Mariae
1057 3207 1259 3292 Magdalenae
1283 3203 1410 3288 Ripon',

262 3309 350 3370 inter
379 3312 495 3369 caetera
524 3308 646 3370 ibidem
684 3309 883 3370 correccioue
920 3308 1019 3390 digna
1055 3309 1258 3386 compertum
1287 3302 1410 3379 extitit,

87 3377 231 3497 2132ss
263 3404 441 3467 Patricium
454 3403 494 3465 de
504 3404 698 3483 Brafferton,
708 3409 787 3466 tunc
800 3405 992 3487 magistrum
1004 3423 1062 3464 seu
1072 3401 1242 3463 custodem
1253 3397 1409 3480 ejusdem,

86 3494 232 3567 metopon
264 3519 363 3581 super
386 3498 600 3560 fornicacioue
632 3520 690 3560 seu
721 3499 813 3581 lapsu
843 3501 948 3562 carnis
978 3520 1053 3561 cum
1078 3498 1216 3580 quadam
1239 3494 1343 3556 Alicia
1368 3493 1410 3555 de

85 3564 172 3600 m
263 3593 404 3656 Marton’
420 3599 574 3656 manente
596 3595 631 3655 in
656 3595 776 3656 Suttou
792 3595 979 3679 Hougraue,
994 3596 1035 3657 de
1058 3614 1122 3677 qua
1143 3592 1266 3676 pluries
1288 3590 1410 3673 prolem

264 3689 384 3750 dicitur
400 3689 582 3765 suscitasse,
597 3688 696 3751 fuisse
720 3696 851 3773 propter
865 3690 1012 3774 ejusdem
1034 3689 1182 3750 mulieris
1204 3684 1410 3768 frequentem

264 3782 469 3867 inhospitali
485 3785 638 3866 praedicto
660 3806 822 3848 accessum
845 3789 980 3850 adeum
1004 3790 1042 3848 ut
1063 3784 1150 3847 fama
1163 3782 1302 3866 pertulit
1317 3781 1411 3844 diffa-

87 3899 219 3951 nouenos
264 3887 401 3942 matum.
447 3880 518 3954 Quo
534 3902 630 3963 super
644 3880 704 3945 hoc
725 3883 822 3945 certis
837 3881 890 3945 die
914 3889 949 3946 et
970 3883 1040 3944 loco
1062 3901 1169 3943 coram
1190 3878 1284 3941 nobis
1300 3882 1411 3940 vocato

87 3958 238 4023 thoehuge.
264 3997 302 4039 ac
325 3977 534 4060 personaliter
558 3984 773 4061 comparente,
789 3981 1017 4061 praemissaque
1041 3977 1102 4040 sibi
1124 3975 1261 4058 objecta,
1283 3993 1411 4035 necnon

265 4093 396 4134 omnem
419 4072 579 4135 carnalem
598 4076 745 4158 copulam
768 4097 842 4137 cum
865 4075 1002 4138 muliere
1024 4073 1177 4156 praedicta
1199 4091 1218 4132 a
1241 4069 1411 4152 septennio

85 4170 215 4229 eumaeo
264 4167 353 4250 lapso
369 4171 450 4231 citra
466 4190 613 4252 expresse
631 4177 782 4255 negante,
798 4172 905 4233 eidem
929 4191 1025 4252 super
1039 4167 1100 4230 hoc
1121 4167 1353 4251 purgacionem
1376 4184 1410 4226 se

84 4244 196 4353 W
265 4265 456 4328 duodecima
467 4287 566 4329 mauu
577 4267 815 4352 fidediguorum
830 4267 1008 4330 indiximus
1020 4263 1210 4327 faciendam.
1242 4262 1292 4323 De
1304 4266 1411 4322 vestra

264 4363 376 4445 itaque
391 4363 554 4425 industria
576 4364 775 4428 confidentes
798 4365 839 4426 ad
853 4361 1030 4445 recipiend.
1045 4359 1274 4443 purgacionem
1297 4354 1411 4440 hujus·

349 4482 392 4553 (1)
411 4482 477 4537 This
489 4484 693 4541 memorandum
705 4484 729 4538 is
741 4483 858 4540 inserted
870 4481 992 4540 between
1005 4480 1052 4536 the
1064 4479 1169 4551 regular
1181 4477 1257 4534 lines.
