2992 5010
313 302 485 369 ersmers
510 303 608 357 raon
635 304 730 364 roan
756 304 968 369 snorsrsns3
996 274 1077 356 nnsss

118 467 320 548 absentibus,
336 470 462 553 praefati
484 473 626 535 ministri
640 493 698 554 per
720 473 800 535 dicti
815 473 949 535 rectoris
964 470 1052 535 chori
1072 471 1268 552 deputatum

119 566 199 626 corri
224 571 332 629 antur.

186 586 268 724 (i‘um
283 664 485 745 perantiqua
499 664 595 727 dictae
604 664 747 727 ecclesiae
762 663 905 726 statuta¹
922 664 967 725 sit
980 662 1090 726 debite
1104 662 1270 745 provisum
1293 671 1332 718 No
1341 671 1408 717 vicu

118 763 158 819 ut
184 758 294 820 nullus
319 760 455 822 vicarius
481 763 522 824 ad
549 762 691 845 aliquam
714 762 863 823 vicariam
886 761 921 822 in
948 761 1035 822 dicta
1057 760 1193 822 ecclesia
1213 758 1276 821 ad·.
1293 729 1436 835 ffliiffin.

118 853 282 933 mittatur,
298 856 362 917 nisi
378 858 435 939 qui
450 857 604 920 inventus
619 857 719 920 fuerit
732 856 852 920 habilis
867 862 902 919 et
916 857 1061 939 ydoneus
1077 856 1219 919 moribus
1235 858 1271 916 et
1293 849 1340 953 ἒξ
1349 848 1379 894 ¹¹⁸
1389 847 1445 895 se.

120 950 257 1012 scientia
281 951 323 1014 ad
349 953 601 1016 ministrandum
629 959 829 1016 sacramenta
850 958 885 1015 et
911 951 1154 1015 sacramentalia
1179 970 1271 1033 paro-
1331 919 1424 968 m

119 1042 243 1108 chiunis
272 1049 460 1131 caeterisque
491 1048 626 1112 fulcitus
656 1048 775 1131 quibus
804 1049 900 1111 decet
929 1054 1079 1111 curatum
1109 1046 1271 1130 insigniri,

119 1139 350 1206 nichilominus
361 1149 484 1220 tamen,
496 1149 535 1206 ut
549 1146 731 1227 accepimus
746 1165 786 1207 ex
799 1145 1035 1228 fidedignorum
1049 1143 1271 1220 intimacione,

120 1237 207 1319 quod
229 1239 361 1320 quidam
382 1240 506 1302 indocti
520 1261 557 1302 ac
579 1241 723 1304 moribus
738 1246 774 1303 et
789 1242 925 1303 scientia
939 1259 1054 1322 parum
1068 1240 1197 1322 ydonei,
1212 1258 1271 1321 per

120 1329 355 1396 Christoierum
376 1334 528 1419 Dragley,
543 1336 639 1399 dicta
662 1336 804 1399 ecclesia
826 1336 1065 1417 praesidentem,
1080 1336 1160 1397 dum
1183 1333 1278 1396 solus.

120 1429 287 1508 resideret,
316 1430 357 1493 ad
386 1433 519 1493 vicarias
549 1431 671 1495 ibidem
701 1432 972 1509 admittebantur,
997 1436 1033 1494 et
1061 1431 1119 1513 qui
1150 1431 1271 1512 seipsos

121 1525 256 1587 minime
272 1531 398 1605 curant,
412 1526 549 1588 aliarum
563 1547 648 1590 curae
669 1527 886 1610 praeficiantur
906 1528 1099 1605 animarum,
1114 1546 1212 1609 quam
1228 1524 1270 1588 ob

120 1640 190 1682 rem
204 1621 267 1683 tibi
282 1620 477 1685 Cristoiero²
492 1622 634 1706 Dragley
643 1624 831 1705 caterisque
843 1624 1006 1685 canonicis
1021 1623 1118 1685 dictas
1128 1621 1270 1687 ecclesias

118 1716 336 1800 injungimus,
359 1719 575 1801 praecipimus,
598 1724 633 1782 et
659 1720 862 1796 mandamus,
882 1719 1038 1800 quatinus
1064 1739 1125 1781 nec
1147 1722 1186 1779 tu
1208 1737 1269 1779 nec
1292 1727 1418 1775 Noonato

119 1813 292 1894 quisquam
307 1821 452 1875 vestrum
464 1815 561 1893 solus,
576 1814 719 1896 aliquem
734 1814 775 1877 ad
791 1833 900 1876 curam
918 1814 1100 1876 animarum
1114 1812 1269 1874 admittas
1292 1786 1443 1892 fflffiffi

119 1928 180 1970 nec
205 1909 370 1986 admittat,
397 1911 455 1972 sed
481 1931 556 1971 cum
583 1930 742 1973 consensu
767 1910 870 1971 totius
894 1908 1030 1991 capituli
1056 1928 1114 1972 seu
1139 1906 1269 1990 majoris
1292 1903 1443 2008 gemmeus

118 2004 220 2085 partis
243 2003 401 2087 ejusdem,
424 2005 520 2088 juxta
546 2007 681 2088 antiqua
707 2009 832 2068 statuta
846 2005 943 2067 dictae
957 2003 1111 2080 ecclesiae,
1126 2003 1268 2087 diligens
1283 1976 1401 2080 ruffi

118 2100 291 2182 inquisicio
312 2102 396 2163 circa
417 2100 606 2184 hujusmodi
630 2102 822 2164 vicariorum
844 2100 1073 2162 admissionem
1099 2098 1211 2162 debite
1233 2103 1269 2161 et
1292 2078 1404 2138 cmm·

118 2200 246 2258 attente
261 2195 320 2260 fiat
334 2203 369 2259 et
379 2195 582 2260 adhibeatur.
620 2198 664 2260 Et
680 2198 708 2259 si
723 2197 768 2259 sit
782 2217 869 2259 unus
883 2200 1015 2258 tantum
1024 2194 1207 2272 canonicus,
1216 2194 1269 2256 vel

119 2289 263 2354 fortassis
280 2293 347 2355 sint
369 2293 434 2355 duo
449 2299 581 2355 tantum
595 2293 741 2356 canonici
756 2293 792 2353 in
807 2292 903 2354 domo
917 2291 1098 2374 capitulari,
1113 2291 1170 2373 qui
1185 2290 1270 2352 circa

119 2384 307 2470 hujusmodi
329 2388 558 2451 admissionem
580 2389 769 2451 concordare
792 2392 969 2470 nequeant,
986 2392 1060 2450 tum
1082 2407 1141 2469 pro
1154 2384 1271 2468 hujus-

119 2482 208 2545 modi
229 2484 387 2546 discordia
408 2484 558 2562 sedanda,
573 2483 701 2566 praefati
721 2484 869 2546 canonici
890 2484 932 2547 ad
954 2503 1024 2560 nos,
1039 2483 1066 2545 si
1088 2481 1173 2545 infra
1188 2483 1269 2557 dics:

118 2579 219 2641 cesim
234 2586 293 2642 aut
306 2580 505 2662 provinciam
520 2586 664 2643 nostram
679 2587 759 2643 tunc
774 2579 943 2657 fuerimus,
958 2579 1122 2657 accedant,
1138 2584 1275 2641 senten.

118 2675 201 2736 ciam
216 2682 360 2738 nostram
375 2683 409 2739 et
424 2696 620 2739 consensum
634 2685 782 2739 nostrum
796 2677 832 2738 in
850 2674 909 2738 hac
923 2681 1016 2759 parte
1031 2675 1219 2759 spectaturi,
1233 2679 1268 2737 et

119 2771 225 2833 eidem
250 2772 409 2853 parituri;
437 2772 465 2834 si
487 2793 546 2834 nos
569 2777 661 2835 extra
682 2773 883 2854 provinciam
913 2777 972 2834 aut
1002 2771 1167 2838 dioecesim
1197 2790 1267 2833 esse

118 2867 303 2950 contigerit,
333 2866 374 2929 ad
405 2868 562 2930 vicarium
591 2874 739 2931 nostrum
763 2869 798 2929 in
830 2867 1053 2950 spiritualibus
1082 2866 1267 2950 generalem

118 2962 283 3041 accedant,
294 2962 365 3045 ejus
381 2965 580 3025 sentenciam
595 2969 631 3027 et
645 2984 838 3027 consensum
854 2962 1055 3044 expectaturi
1070 2966 1106 3024 et
1119 2963 1267 3044 parituri.

185 3055 267 3120 Cum
305 3079 344 3120 ex
388 3061 595 3140 antiquorum
633 3064 832 3121 statutorum
869 3058 1016 3140 ejusdem
1053 3056 1267 3139 disposicione
1291 3069 1398 3117 lautho

118 3151 243 3233 liqueat
264 3153 435 3217 manifeste
457 3156 498 3217 ad
520 3151 712 3215 thesaurarii
733 3154 835 3235 ipsius
857 3152 999 3216 ecclesiae
1014 3151 1155 3213 officium
1178 3171 1268 3232 spec-
1289 3128 1442 3234 fflffih‘

119 3253 200 3327 tare,
216 3253 255 3312 ut
277 3270 441 3312 summum
463 3250 563 3312 altare
586 3248 814 3312 venerabiliter
836 3246 1047 3324 custodiatur,
1063 3266 1100 3309 ac
1116 3246 1216 3308 semel
1231 3247 1267 3308 in
1289 3247 1409 3293 asason
1447 3256 1450 3263 ’

119 3344 296 3407 ebdomada
317 3366 375 3428 per
390 3366 423 3408 se
438 3345 490 3408 vel
513 3366 681 3428 persuum
703 3346 897 3427 deputatum
912 3343 1021 3405 videat
1035 3347 1073 3405 ut
1095 3342 1270 3410 luminaria.
1289 3305 1414 3425 &Q

120 3438 254 3502 honeste
280 3442 500 3521 observentur,
524 3462 560 3503 ac
587 3440 802 3503 lintheamina
827 3446 862 3503 et
888 3439 996 3502 omnia
1020 3438 1084 3501 alia
1105 3439 1147 3502 ad
1169 3458 1268 3501 usum
1290 3421 1377 3528 {⁰1er

120 3535 199 3597 dicti
224 3536 334 3599 altaris
357 3539 536 3600 necessaria
565 3537 688 3600 munda
712 3542 891 3614 serventur,
918 3540 953 3598 et
976 3535 1158 3618 prospiceat
1183 3535 1278 3617 qnod,

119 3629 231 3693 lumen
246 3634 438 3695 continuum
460 3654 567 3696 coram
590 3632 797 3696 Sacramenta
819 3631 987 3709 habeatur,
1001 3632 1078 3713 quia
1099 3635 1210 3693 tamen
1229 3635 1270 3693 ut

119 3745 159 3787 ex
192 3727 326 3808 querela
354 3729 581 3791 canonicorum
618 3728 714 3791 dictas
744 3727 885 3792 ecclesie
914 3727 1096 3808 accepimus
1126 3723 1270 3790 Christo·

118 3820 224 3884 ferum
246 3822 386 3907 Dragley
401 3824 639 3887 thesaurarium
661 3825 697 3886 in
713 3824 826 3887 eadem
842 3823 977 3885 ecclesia
997 3820 1186 3905 hujusmodi
1201 3827 1271 3884 sta-

117 3923 192 3980 tuta
207 3924 242 3980 et
264 3919 461 3982 laudabilem
476 3921 747 3983 consuetudinem
761 3919 908 3996 violasse,
922 3918 985 3979 tibi
1006 3918 1110 4000 igitur
1124 3916 1274 3981 Christo*

118 4013 186 4076 iero
208 4014 351 4098 Dragley
366 4014 566 4078 thesaurario
581 4016 746 4078 antedicto
767 4020 881 4077 tenore
896 4015 1105 4095 praesentium
1121 4013 1268 4075 districte

117 4108 332 4192 iujungimus,
347 4112 563 4193 praecipimus,
578 4116 613 4173 et
635 4111 837 4186 mandamus,
860 4109 1013 4190 quatinus
1036 4108 1124 4171 dicta
1145 4112 1270 4170 statuta

118 4205 160 4266 ad
175 4203 330 4268 honorem
345 4206 407 4268 Dei
422 4206 628 4270 laudabiliter
642 4205 730 4269 edita
750 4205 854 4268 modis
869 4204 1019 4267 omnibus
1041 4224 1099 4287 per
1113 4209 1148 4267 te
1162 4202 1270 4266 obser·

177 4339 220 4408 (1)
239 4339 291 4394 See
303 4341 398 4408 above,
410 4359 436 4413 p.
451 4341 511 4395 148.

178 4417 222 4485 (2)
240 4417 298 4473 The
309 4418 440 4473 ‘C’ovsr
452 4437 486 4472 an
497 4436 612 4475 erasure.
648 4417 706 4474 'l'be
719 4436 796 4474 name
809 4417 831 4473 is
844 4417 950 4491 mually
961 4416 991 4472 in
1003 4415 1058 4472 this
1075 4415 1227 4483 document,
1239 4431 1270 4468 as

124 4496 278 4565 elsewhere,
290 4498 400 4552 written
413 4497 583 4571 ‘Xpolsrus'
