2992 5010
229 367 403 418 sarnatus
428 366 525 418 sucu
551 366 648 418 roan
673 366 885 433 assumam
912 366 1149 418 susannam.
1392 342 1438 419 st

110 556 211 616 quam
226 536 299 596 aliis
314 536 458 617 personis
480 537 602 598 nonde
626 537 698 618 ipso
720 535 863 618 capitulo
885 535 1111 613 existentibus
1128 554 1200 595 suas
1222 532 1264 594 ad

109 631 239 692 firmam
254 632 443 714 praebendas
458 632 654 710 dimiserint,
676 633 809 695 licencia
825 631 1011 715 hujusmodi
1034 651 1100 693 nou
1116 630 1262 706 obtenta,

109 747 169 808 per
184 729 272 809 quod
287 728 366 790 dum
390 749 502 790 earum
517 728 653 790 firmarii
668 730 708 791 de
723 730 868 811 ipsarum
890 729 1090 812 pinguedine
1106 731 1141 787 et
1157 726 1261 787 valore

110 843 168 904 pro
199 844 258 885 suo
287 821 444 886 hauriunt
473 825 640 887 commodo
670 825 824 907 quicquid
855 830 1001 908 possunt,
1027 825 1074 884 nil
1105 824 1196 905 quasi
1226 823 1260 883 iu

110 920 377 982 emendacionem
401 941 512 982 earum
539 921 591 983 vel
617 921 782 983 modicum
805 921 1006 1004 apponendo,
1031 925 1098 981 tam
1126 920 1261 981 aedificia
1286 941 1364 988 tothe

109 1037 207 1096 quam
231 1017 309 1098 jura
331 1023 364 1078 et
380 1016 548 1078 libertates
570 1017 712 1099 ipsarum
735 1018 851 1079 scalis
874 1038 946 1100 quae
972 1016 1184 1098 praebendarii
1209 1017 1259 1097 ip·
1285 999 1412 1105 2}‘,',}2¹‘¹¹²

109 1133 219 1174 sarum
235 1111 389 1176 exhibere
399 1118 434 1175 et
448 1113 594 1175 invenire
604 1120 760 1176 tenentur
772 1120 920 1196 pereunt,
933 1119 1097 1189 corruunt,
1111 1117 1145 1173 et
1160 1111 1259 1174 decli·
1286 1119 1414 1222 greges&

107 1215 199 1286 nant,
215 1210 251 1272 in
278 1211 420 1272 ecclesiae
442 1208 559 1293 Ripon'
580 1211 822 1293 dispendiosum
849 1210 1045 1286 scandalum,
1062 1230 1257 1291 suarumque
1283 1181 1416 1283 etpurngs,

106 1306 290 1386 periculum
304 1308 487 1369 animarum
500 1328 510 1380 ;
526 1306 616 1368 vobis
631 1309 833 1386 mandamus,
849 1308 1030 1368 districcius
1046 1305 1257 1390 injungentes

105 1402 262 1480 quatinus
279 1423 375 1485 super
389 1401 453 1464 hiis
476 1403 626 1465 omnibus
649 1409 683 1465 et
706 1404 746 1465 de
769 1403 948 1465 defectibus
972 1402 1110 1487 singulis
1126 1402 1257 1464 aedifici-

105 1518 198 1559 orum
214 1504 251 1560 et
272 1499 516 1582 praebendarum
542 1497 728 1582 hujusmodi
751 1501 791 1561 ad
814 1500 939 1561 firmam
964 1499 1060 1560 modo
1083 1519 1147 1580 quo
1173 1519 1255 1580 prae-

104 1595 254 1657 mittitur
279 1595 486 1657 dimissarum
510 1596 567 1677 qui
592 1597 706 1658 vestris
731 1596 933 1658 subiciantur
959 1595 1072 1671 oculis,
1087 1616 1144 1677 per
1171 1596 1255 1656 viros

105 1690 286 1775 fidedignos
301 1713 359 1774 per
373 1713 454 1775 quos
477 1693 524 1754 rei
548 1695 666 1755 veritas
686 1693 805 1755 melius
832 1693 905 1754 sciri
930 1693 1062 1775 poterit,
1079 1692 1161 1752 nulli
1186 1713 1256 1753 sus-

103 1792 225 1867 pectos,
240 1809 279 1850 ac
294 1789 396 1850 eciam
411 1790 452 1851 ad
467 1795 627 1872 quantum
651 1789 796 1852 defectus
812 1787 997 1871 hujusmodi
1015 1809 1047 1849 se
1064 1787 1254 1865 extendant,

104 1888 139 1943 ct
153 1903 213 1964 pro
228 1890 352 1966 quanto
369 1883 466 1967 juxta
488 1886 742 1947 aestimaciouem
757 1886 933 1947 eorundem
956 1884 1195 1967 fidedignorum
1219 1890 1254 1946 et

103 1985 246 2042 vestram
276 1982 416 2063 reparari
446 1988 611 2063 poterunt,
641 1983 813 2064 inquiratis
843 1982 1038 2064 diligencius
1070 1981 1253 2055 veritatem,

101 2075 303 2138 denunciato
328 2077 480 2159 pupplice
505 2079 540 2138 in
564 2078 697 2140 ecclesia
719 2077 836 2159 Ripon’
851 2078 916 2138 illis
941 2097 1079 2158 quorum
1104 2077 1252 2152 interest,

101 2174 187 2253 quod
203 2171 392 2255 hujusmodi
408 2174 614 2255 inquisicioni
630 2175 796 2251 intersint,
813 2176 839 2236 si
856 2195 914 2236 sua
924 2174 1065 2235 viderint
1075 2173 1251 2247 iuteresse;

101 2287 216 2330 omnes
243 2260 369 2331 ¹fructus
392 2274 427 2332 et
450 2277 627 2352 proventus
653 2271 900 2353 praebeudarum
931 2271 1074 2352 ipsarum
1097 2274 1131 2331 et
1152 2289 1251 2351 pecu·
1275 2288 1388 2350 mepte

99 2365 189 2426 niam
205 2365 283 2427 inde
298 2366 442 2430 debitam
453 2368 488 2428 in
497 2388 762 2450 quorumcunque
774 2367 925 2429 manibus
937 2367 1075 2428 inveniri
1085 2371 1250 2448 poterunt,
1275 2349 1386 2468 22¹&
1398 2351 1427 2400 ¹³⁰

100 2481 139 2522 ex
164 2464 271 2523 causis
286 2464 457 2544 praetactis,
482 2465 551 2525 vice
573 2468 608 2525 et
629 2466 821 2525 auctoritate
846 2468 966 2541 nostra,
990 2463 1093 2524 arcius
1121 2483 1250 2544 seques·
1276 2469 1402 2514 tratedror

99 2561 238 2635 trantes,
254 2563 289 2620 et
304 2559 364 2620 sub
379 2558 472 2620 firmo
487 2558 642 2621 iacientes
658 2559 813 2621 custodiri
831 2565 1006 2641 sequestro,
1018 2559 1250 2620 donecauobis
1276 2528 1426 2587 ueprwnt.

99 2652 189 2715 aliud
212 2655 401 2734 receperitis
423 2655 459 2715 in
474 2655 656 2728 mandatis;
680 2675 738 2717 nos
755 2675 828 2717 vero
847 2676 943 2737 super
965 2653 1150 2736 hujusmodi
1176 2675 1249 2716 exe·

97 2749 232 2810 cucione
248 2751 394 2811 mandati
417 2751 516 2814 cicius
539 2771 603 2833 quo
624 2752 790 2813 commode
815 2752 974 2835 poteritis,
989 2752 1154 2827 distincte,
1170 2751 1250 2812 lide-
1348 2773 1352 2779 ·

98 2843 185 2922 liter,
215 2852 250 2907 et
272 2851 383 2928 aperte
408 2847 583 2909 certificare
606 2849 738 2929 curetis,
761 2869 820 2931 per
843 2852 965 2909 vestras
991 2847 1102 2909 literas
1132 2843 1249 2909 harum

99 2941 217 3003 seriem
232 2942 438 3005 continentes
449 2965 458 3018 ;
482 2948 520 3005 ut
540 2964 637 3025 super
657 2945 831 3026 praemissis
846 2965 904 3026 per
924 2965 979 3005 vos
1000 2943 1127 3025 plenius
1151 2941 1250 3004 infor·

100 3038 193 3114 mati,
209 3037 295 3118 quod
311 3036 426 3100 honori
441 3045 476 3101 et
498 3040 637 3101 utilitati
659 3046 846 3103 memoratas
870 3040 1021 3117 ecclesiae,
1037 3040 1130 3121 cujus
1146 3059 1249 3100 mem-

98 3132 194 3195 brum
218 3153 323 3216 nuper
344 3133 488 3213 fuimus,¹
506 3141 541 3197 et
563 3156 651 3197 nuuc
666 3136 755 3198 idem
781 3136 1001 3218 praesidemus,
1019 3136 1157 3197 Domino
1181 3135 1248 3196 dis-

97 3235 251 3310 ponente,
282 3233 477 3293 conveniens
507 3230 607 3293 fuerit
633 3237 668 3294 et
697 3229 883 3309 honestum,
908 3234 1051 3314 paternis
1078 3231 1247 3292 affectibus

97 3326 237 3389 ulterius
252 3348 458 3410 exequamur.
481 3328 607 3390 Valete.
631 3328 707 3393 Dat.
723 3329 809 3411 apud
824 3326 952 3411 Thorp',
968 3329 1012 3389 v²⁰
1027 3325 1132 3388 Kal’n.
1155 3325 1248 3404 Maii,

97 3422 195 3485 Pont.
212 3426 314 3486 nostri
329 3445 414 3487 auno
430 3424 581 3486 secunde.

165 3558 345 3623 Relucocio
359 3558 519 3644 sequestri
528 3559 716 3644 fructuum
723 3559 913 3646 proebestdoe
923 3558 1059 3624 domiui
1073 3557 1246 3625 Jolaoois
1271 3577 1313 3636 (5)

96 3653 137 3718 de
152 3654 338 3719 Bencstcde.
1269 3639 1398 3757 fflffff·

162 3749 359 3836 (Addressed
386 3759 421 3815 to
444 3754 551 3838 Roger
574 3753 699 3838 Swayn,
715 3774 828 3831 canon,
851 3755 916 3816 and
939 3752 1034 3818 Nich.
1050 3755 1091 3819 de
1117 3754 1246 3817 Bonde-

97 3854 185 3930 gate,
201 3848 328 3910 ‘deam'
372 3849 509 3912 Burton.
556 3851 605 3913 Id.
622 3851 702 3912 Maii
718 3857 752 3913 a⁰
768 3847 844 3936 2⁶⁰.)

162 3976 342 4041 Relacoco'o
372 3976 533 4062 sequestri
559 3977 750 4064 proebeudoe
777 3977 909 4044 Tbomoe
936 3979 976 4042 de
1009 3977 1244 4044 Sodomis.—

95 4071 158 4156 (To
167 4072 224 4137 the
239 4076 339 4138 above
355 4095 506 4158 persons:
530 4074 587 4138 the
599 4081 726 4158 proctor
742 4075 779 4138 of
789 4074 847 4138 the
863 4077 1004 4158 prebend
1022 4097 1096 4159 may
1112 4078 1170 4140 sell
1186 4075 1243 4139 the
1267 4077 1388 4183 pov-33⁰7

93 4192 181 4248 corn,
208 4179 271 4234 etc.
298 4172 357 4235 but
380 4172 437 4236 the
459 4194 578 4255 money
604 4175 632 4235 is
657 4179 691 4235 to
721 4173 763 4236 be
789 4173 941 4236 detained
969 4174 1010 4257 by
1034 4173 1127 4236 them
1157 4175 1243 4236 until
1267 4169 1395 4244 Junes'

93 4267 222 4331 further
238 4270 355 4332 notice.
402 4269 533 4352 Otteley
548 4269 604 4353 viij
624 4271 673 4332 Id.
689 4270 783 4332 Junii
802 4269 898 4349 1307,
913 4291 999 4332 anuo
1015 4267 1091 4356 2⁶⁰.)

150 4404 193 4473 (1)
215 4405 287 4477 asp.
300 4405 454 4459 Graculield
467 4423 524 4458 was
537 4405 678 4477 promoted
690 4411 744 4459 toa
755 4403 872 4476 prebend
880 4413 908 4458 st
919 4406 1020 4479 Ripon,
1029 4406 1048 4461 J
1051 4407 1097 4477 uly
1107 4408 1151 4474 29,
1163 4405 1241 4461 1272.

93 4482 281 4553 Newcourt-,t
297 4484 355 4538 156.
393 4483 632 4554 leNere,i.256.
669 4483 747 4538 Fasti
765 4481 847 4540 Ebor.
860 4485 922 4539 362.
