<?xml version="1.0" encoding="UTF-8"?>
<!DOCTYPE html PUBLIC "-//W3C//DTD XHTML 1.0 Transitional//EN"
    "http://www.w3.org/TR/xhtml1/DTD/xhtml1-transitional.dtd">
<html xmlns="http://www.w3.org/1999/xhtml" xml:lang="en" lang="en">
 <head>
  <title>
</title>
<meta http-equiv="Content-Type" content="text/html;charset=utf-8" />
  <meta name='ocr-system' content='tesseract 3.04.00' />
  <meta name='ocr-capabilities' content='ocr_page ocr_carea ocr_par ocr_line ocrx_word'/>
</head>
<body>
  <div class='ocr_page' id='page_1' title='image "./memorialschurch04fowlgoog_0143.png"; bbox 0 0 2992 5010; ppageno 0'>
   <div class='ocr_carea' id='block_1_1' title="bbox 620 310 1042 363">
    <p class='ocr_par' dir='ltr' id='par_1_1' title="bbox 620 310 1042 363">
     <span class='ocr_line' id='line_1_1' title="bbox 620 310 1042 363; baseline -0.005 0"><span class='ocrx_word' id='word_1_1' title='bbox 620 311 828 363; x_wconf 76' lang='lat' dir='ltr'>uuuoamts</span> <span class='ocrx_word' id='word_1_2' title='bbox 853 310 897 362; x_wconf 76' lang='lat' dir='ltr'>OF</span> <span class='ocrx_word' id='word_1_3' title='bbox 923 310 1042 362; x_wconf 84' lang='lat' dir='ltr'><strong>RIPON.</strong></span> 
     </span>
    </p>
   </div>
   <div class='ocr_carea' id='block_1_2' title="bbox 87 478 1409 1904">
    <p class='ocr_par' dir='ltr' id='par_1_2' title="bbox 87 478 1409 1904">
     <span class='ocr_line' id='line_1_2' title="bbox 261 478 1405 565; baseline 0.001 -22"><span class='ocrx_word' id='word_1_4' title='bbox 261 500 300 543; x_wconf 87' lang='lat' dir='ltr'>ea</span> <span class='ocrx_word' id='word_1_5' title='bbox 320 501 392 564; x_wconf 83' lang='lat' dir='ltr'>quae</span> <span class='ocrx_word' id='word_1_6' title='bbox 415 480 519 543; x_wconf 93' lang='lat' dir='ltr'>divini</span> <span class='ocrx_word' id='word_1_7' title='bbox 541 478 649 543; x_wconf 89' lang='lat' dir='ltr'>cultus</span> <span class='ocrx_word' id='word_1_8' title='bbox 678 485 892 565; x_wconf 76' lang='lat' dir='ltr'>augmentum</span> <span class='ocrx_word' id='word_1_9' title='bbox 909 484 943 542; x_wconf 88' lang='lat' dir='ltr'>et</span> <span class='ocrx_word' id='word_1_10' title='bbox 966 479 1104 542; x_wconf 84' lang='lat' dir='ltr'>salutem</span> <span class='ocrx_word' id='word_1_11' title='bbox 1130 483 1309 564; x_wconf 85' lang='lat' dir='ltr'>respiciunt</span> <span class='ocrx_word' id='word_1_12' title='bbox 1334 486 1405 545; x_wconf 91' lang='lat' dir='ltr'>ani-</span> 
     </span>
     <span class='ocr_line' id='line_1_3' title="bbox 260 578 1407 659; baseline 0.001 -20"><span class='ocrx_word' id='word_1_13' title='bbox 260 597 387 639; x_wconf 87' lang='lat' dir='ltr'>marum</span> <span class='ocrx_word' id='word_1_14' title='bbox 413 578 521 658; x_wconf 89' lang='lat' dir='ltr'>pronis</span> <span class='ocrx_word' id='word_1_15' title='bbox 547 578 717 640; x_wconf 86' lang='lat' dir='ltr'>affectibus</span> <span class='ocrx_word' id='word_1_16' title='bbox 740 598 936 659; x_wconf 86' lang='lat' dir='ltr'>promovere,</span> <span class='ocrx_word' id='word_1_17' title='bbox 952 578 1059 639; x_wconf 91' lang='lat' dir='ltr'>eidem</span> <span class='ocrx_word' id='word_1_18' title='bbox 1083 578 1215 639; x_wconf 90' lang='lat' dir='ltr'>domino</span> <span class='ocrx_word' id='word_1_19' title='bbox 1238 579 1340 640; x_wconf 92' lang='lat' dir='ltr'>David</span> <span class='ocrx_word' id='word_1_20' title='bbox 1369 584 1407 640; x_wconf 90' lang='lat' dir='ltr'>ut</span> 
     </span>
     <span class='ocr_line' id='line_1_4' title="bbox 260 673 1406 757; baseline 0 -22"><span class='ocrx_word' id='word_1_21' title='bbox 260 674 331 754; x_wconf 85' lang='lat' dir='ltr'>ipse</span> <span class='ocrx_word' id='word_1_22' title='bbox 346 673 433 735; x_wconf 87' lang='lat' dir='ltr'>dicta</span> <span class='ocrx_word' id='word_1_23' title='bbox 448 675 615 756; x_wconf 83' lang='lat' dir='ltr'>mesnagis</span> <span class='ocrx_word' id='word_1_24' title='bbox 637 695 712 736; x_wconf 89' lang='lat' dir='ltr'>curn</span> <span class='ocrx_word' id='word_1_25' title='bbox 735 674 943 754; x_wconf 82' lang='lat' dir='ltr'>pertinenciis</span> <span class='ocrx_word' id='word_1_26' title='bbox 959 674 1035 734; x_wconf 91' lang='lat' dir='ltr'>dare</span> <span class='ocrx_word' id='word_1_27' title='bbox 1061 675 1163 755; x_wconf 90' lang='lat' dir='ltr'>possit</span> <span class='ocrx_word' id='word_1_28' title='bbox 1186 681 1220 735; x_wconf 94' lang='lat' dir='ltr'>et</span> <span class='ocrx_word' id='word_1_29' title='bbox 1242 676 1406 757; x_wconf 87' lang='lat' dir='ltr'>assignare</span> 
     </span>
     <span class='ocr_line' id='line_1_5' title="bbox 261 768 1406 852; baseline 0.001 -21"><span class='ocrx_word' id='word_1_30' title='bbox 261 768 394 851; x_wconf 85' lang='lat' dir='ltr'>praefato</span> <span class='ocrx_word' id='word_1_31' title='bbox 409 770 540 832; x_wconf 92' lang='lat' dir='ltr'>domino</span> <span class='ocrx_word' id='word_1_32' title='bbox 555 769 698 833; x_wconf 88' lang='lat' dir='ltr'>Johanni</span> <span class='ocrx_word' id='word_1_33' title='bbox 714 769 821 852; x_wconf 85' lang='lat' dir='ltr'>Clynt,</span> <span class='ocrx_word' id='word_1_34' title='bbox 836 768 975 832; x_wconf 89' lang='lat' dir='ltr'>habend.</span> <span class='ocrx_word' id='word_1_35' title='bbox 992 776 1025 832; x_wconf 91' lang='lat' dir='ltr'>et</span> <span class='ocrx_word' id='word_1_36' title='bbox 1049 771 1183 832; x_wconf 89' lang='lat' dir='ltr'>tenend.</span> <span class='ocrx_word' id='word_1_37' title='bbox 1200 772 1262 833; x_wconf 91' lang='lat' dir='ltr'>sibi</span> <span class='ocrx_word' id='word_1_38' title='bbox 1278 777 1312 833; x_wconf 92' lang='lat' dir='ltr'>et</span> <span class='ocrx_word' id='word_1_39' title='bbox 1333 792 1406 832; x_wconf 90' lang='lat' dir='ltr'>suc-</span> 
     </span>
     <span class='ocr_line' id='line_1_6' title="bbox 260 866 1406 948; baseline 0.003 -23"><span class='ocrx_word' id='word_1_40' title='bbox 260 866 438 927; x_wconf 87' lang='lat' dir='ltr'>cessoribus</span> <span class='ocrx_word' id='word_1_41' title='bbox 461 867 527 928; x_wconf 90' lang='lat' dir='ltr'>suis</span> <span class='ocrx_word' id='word_1_42' title='bbox 549 866 723 948; x_wconf 86' lang='lat' dir='ltr'>capellanis</span> <span class='ocrx_word' id='word_1_43' title='bbox 746 867 896 927; x_wconf 85' lang='lat' dir='ltr'>cantariae</span> <span class='ocrx_word' id='word_1_44' title='bbox 923 866 1082 947; x_wconf 85' lang='lat' dir='ltr'>praedictae</span> <span class='ocrx_word' id='word_1_45' title='bbox 1108 867 1218 928; x_wconf 92' lang='lat' dir='ltr'>divina</span> <span class='ocrx_word' id='word_1_46' title='bbox 1242 867 1283 927; x_wconf 90' lang='lat' dir='ltr'>ad</span> <span class='ocrx_word' id='word_1_47' title='bbox 1305 867 1406 928; x_wconf 83' lang='lat' dir='ltr'>altare</span> 
     </span>
     <span class='ocr_line' id='line_1_7' title="bbox 261 961 1406 1044; baseline 0.001 -21"><span class='ocrx_word' id='word_1_48' title='bbox 261 961 451 1042; x_wconf 78' lang='lat' dir='ltr'>praedictum</span> <span class='ocrx_word' id='word_1_49' title='bbox 478 963 513 1023; x_wconf 92' lang='lat' dir='ltr'>in</span> <span class='ocrx_word' id='word_1_50' title='bbox 536 961 638 1023; x_wconf 86' lang='lat' dir='ltr'>forma</span> <span class='ocrx_word' id='word_1_51' title='bbox 658 962 734 1023; x_wconf 90' lang='lat' dir='ltr'>inde</span> <span class='ocrx_word' id='word_1_52' title='bbox 756 961 903 1023; x_wconf 79' lang='lat' dir='ltr'>facienda</span> <span class='ocrx_word' id='word_1_53' title='bbox 928 963 1169 1044; x_wconf 81' lang='lat' dir='ltr'>imperpetuum</span> <span class='ocrx_word' id='word_1_54' title='bbox 1187 963 1406 1039; x_wconf 66' lang='lat' dir='ltr'>celebraturis,</span> 
     </span>
     <span class='ocr_line' id='line_1_8' title="bbox 262 1055 1406 1142; baseline 0.003 -25"><span class='ocrx_word' id='word_1_55' title='bbox 262 1061 298 1117; x_wconf 87' lang='lat' dir='ltr'>et</span> <span class='ocrx_word' id='word_1_56' title='bbox 320 1057 426 1118; x_wconf 87' lang='lat' dir='ltr'>cidem</span> <span class='ocrx_word' id='word_1_57' title='bbox 440 1058 572 1119; x_wconf 92' lang='lat' dir='ltr'>domiuo</span> <span class='ocrx_word' id='word_1_58' title='bbox 591 1055 743 1135; x_wconf 89' lang='lat' dir='ltr'>Johanni,</span> <span class='ocrx_word' id='word_1_59' title='bbox 759 1057 845 1140; x_wconf 92' lang='lat' dir='ltr'>quod</span> <span class='ocrx_word' id='word_1_60' title='bbox 871 1058 941 1138; x_wconf 91' lang='lat' dir='ltr'>ipse</span> <span class='ocrx_word' id='word_1_61' title='bbox 964 1058 1117 1138; x_wconf 79' lang='lat' dir='ltr'>praedicta</span> <span class='ocrx_word' id='word_1_62' title='bbox 1141 1061 1307 1142; x_wconf 87' lang='lat' dir='ltr'>mesuagia</span> <span class='ocrx_word' id='word_1_63' title='bbox 1330 1080 1406 1120; x_wconf 91' lang='lat' dir='ltr'>cum</span> 
     </span>
     <span class='ocr_line' id='line_1_9' title="bbox 261 1152 1406 1235; baseline 0.003 -23"><span class='ocrx_word' id='word_1_64' title='bbox 261 1152 470 1232; x_wconf 84' lang='lat' dir='ltr'>pertinenciis</span> <span class='ocrx_word' id='word_1_65' title='bbox 493 1174 513 1215; x_wconf 88' lang='lat' dir='ltr'>a</span> <span class='ocrx_word' id='word_1_66' title='bbox 534 1153 669 1235; x_wconf 87' lang='lat' dir='ltr'>praefato</span> <span class='ocrx_word' id='word_1_67' title='bbox 683 1153 814 1214; x_wconf 92' lang='lat' dir='ltr'>domino</span> <span class='ocrx_word' id='word_1_68' title='bbox 828 1154 969 1235; x_wconf 87' lang='lat' dir='ltr'>recipere</span> <span class='ocrx_word' id='word_1_69' title='bbox 992 1155 1094 1234; x_wconf 84' lang='lat' dir='ltr'>possit</span> <span class='ocrx_word' id='word_1_70' title='bbox 1109 1160 1143 1215; x_wconf 91' lang='lat' dir='ltr'>et</span> <span class='ocrx_word' id='word_1_71' title='bbox 1161 1161 1273 1216; x_wconf 89' lang='lat' dir='ltr'>tenere</span> <span class='ocrx_word' id='word_1_72' title='bbox 1289 1155 1349 1215; x_wconf 92' lang='lat' dir='ltr'>sibi</span> <span class='ocrx_word' id='word_1_73' title='bbox 1371 1161 1406 1216; x_wconf 90' lang='lat' dir='ltr'>et</span> 
     </span>
     <span class='ocr_line' id='line_1_10' title="bbox 261 1248 1407 1331; baseline 0.002 -23"><span class='ocrx_word' id='word_1_74' title='bbox 261 1248 494 1310; x_wconf 87' lang='lat' dir='ltr'>successoribus</span> <span class='ocrx_word' id='word_1_75' title='bbox 510 1249 576 1310; x_wconf 91' lang='lat' dir='ltr'>suis</span> <span class='ocrx_word' id='word_1_76' title='bbox 592 1248 632 1310; x_wconf 92' lang='lat' dir='ltr'>de</span> <span class='ocrx_word' id='word_1_77' title='bbox 647 1248 740 1311; x_wconf 91' lang='lat' dir='ltr'>nobis</span> <span class='ocrx_word' id='word_1_78' title='bbox 754 1254 790 1310; x_wconf 87' lang='lat' dir='ltr'>et</span> <span class='ocrx_word' id='word_1_79' title='bbox 805 1249 1038 1310; x_wconf 89' lang='lat' dir='ltr'>successoribus</span> <span class='ocrx_word' id='word_1_80' title='bbox 1058 1250 1175 1310; x_wconf 89' lang='lat' dir='ltr'>nostris</span> <span class='ocrx_word' id='word_1_81' title='bbox 1198 1270 1255 1331; x_wconf 91' lang='lat' dir='ltr'>per</span> <span class='ocrx_word' id='word_1_82' title='bbox 1273 1252 1407 1311; x_wconf 85' lang='lat' dir='ltr'>servicia</span> 
     </span>
     <span class='ocr_line' id='line_1_11' title="bbox 260 1343 1405 1426; baseline 0.001 -21"><span class='ocrx_word' id='word_1_83' title='bbox 260 1343 337 1405; x_wconf 88' lang='lat' dir='ltr'>inde</span> <span class='ocrx_word' id='word_1_84' title='bbox 352 1343 462 1405; x_wconf 90' lang='lat' dir='ltr'>debita</span> <span class='ocrx_word' id='word_1_85' title='bbox 484 1349 519 1406; x_wconf 89' lang='lat' dir='ltr'>ct</span> <span class='ocrx_word' id='word_1_86' title='bbox 540 1351 694 1407; x_wconf 89' lang='lat' dir='ltr'>consueta</span> <span class='ocrx_word' id='word_1_87' title='bbox 712 1346 973 1426; x_wconf 70' lang='lat' dir='ltr'>imperpetuum</span> <span class='ocrx_word' id='word_1_88' title='bbox 996 1344 1049 1405; x_wconf 87' lang='lat' dir='ltr'>Ita</span> <span class='ocrx_word' id='word_1_89' title='bbox 1072 1352 1184 1405; x_wconf 89' lang='lat' dir='ltr'>tamen</span> <span class='ocrx_word' id='word_1_90' title='bbox 1199 1347 1284 1426; x_wconf 89' lang='lat' dir='ltr'>qnod</span> <span class='ocrx_word' id='word_1_91' title='bbox 1299 1346 1405 1407; x_wconf 91' lang='lat' dir='ltr'>dictus</span> 
     </span>
     <span class='ocr_line' id='line_1_12' title="bbox 260 1437 1406 1549; baseline 0.002 -49"><span class='ocrx_word' id='word_1_92' title='bbox 260 1439 412 1501; x_wconf 91' lang='lat' dir='ltr'>dominus</span> <span class='ocrx_word' id='word_1_93' title='bbox 427 1437 593 1502; x_wconf 88' lang='lat' dir='ltr'>Johannes</span> <span class='ocrx_word' id='word_1_94' title='bbox 608 1439 705 1522; x_wconf 83' lang='lat' dir='ltr'>Clynt</span> <span class='ocrx_word' id='word_1_95' title='bbox 729 1446 764 1502; x_wconf 89' lang='lat' dir='ltr'>et</span> <span class='ocrx_word' id='word_1_96' title='bbox 788 1460 983 1502; x_wconf 86' lang='lat' dir='ltr'>successores</span> <span class='ocrx_word' id='word_1_97' title='bbox 1008 1441 1057 1501; x_wconf 89' lang='lat' dir='ltr'>sui</span> <span class='ocrx_word' id='word_1_98' title='bbox 1079 1440 1236 1549; x_wconf 80' lang='lat' dir='ltr'>capellani</span> <span class='ocrx_word' id='word_1_99' title='bbox 1257 1442 1406 1502; x_wconf 87' lang='lat' dir='ltr'>cantariae</span> 
     </span>
     <span class='ocr_line' id='line_1_13' title="bbox 261 1533 1407 1617; baseline 0.002 -21"><span class='ocrx_word' id='word_1_100' title='bbox 261 1533 433 1615; x_wconf 81' lang='lat' dir='ltr'>praedictae,</span> <span class='ocrx_word' id='word_1_101' title='bbox 449 1536 505 1617; x_wconf 93' lang='lat' dir='ltr'>qui</span> <span class='ocrx_word' id='word_1_102' title='bbox 523 1556 581 1617; x_wconf 92' lang='lat' dir='ltr'>pro</span> <span class='ocrx_word' id='word_1_103' title='bbox 596 1540 740 1617; x_wconf 80' lang='lat' dir='ltr'>tempore</span> <span class='ocrx_word' id='word_1_104' title='bbox 755 1535 915 1612; x_wconf 86' lang='lat' dir='ltr'>fuerint,</span> <span class='ocrx_word' id='word_1_105' title='bbox 905 1556 940 1597; x_wconf 92' lang='grc' dir='ltr'>ιιι</span> <span class='ocrx_word' id='word_1_106' title='bbox 955 1537 1287 1617; x_wconf 87' lang='lat' dir='ltr'>recompensacionem</span> <span class='ocrx_word' id='word_1_107' title='bbox 1305 1537 1407 1598; x_wconf 84' lang='lat' dir='ltr'>laesio-</span> 
     </span>
     <span class='ocr_line' id='line_1_14' title="bbox 87 1629 1407 1713; baseline 0.002 -22"><span class='ocrx_word' id='word_1_108' title='bbox 87 1641 213 1691; x_wconf 73' lang='lat' dir='ltr'>amtor</span> <span class='ocrx_word' id='word_1_109' title='bbox 263 1629 315 1692; x_wconf 90' lang='lat' dir='ltr'>nis</span> <span class='ocrx_word' id='word_1_110' title='bbox 338 1630 480 1692; x_wconf 77' lang='lat' dir='ltr'>ecclesiae</span> <span class='ocrx_word' id='word_1_111' title='bbox 503 1636 620 1693; x_wconf 84' lang='lat' dir='ltr'>uostrae</span> <span class='ocrx_word' id='word_1_112' title='bbox 642 1630 737 1693; x_wconf 88' lang='lat' dir='ltr'>Ebor.</span> <span class='ocrx_word' id='word_1_113' title='bbox 754 1637 788 1692; x_wconf 89' lang='lat' dir='ltr'>et</span> <span class='ocrx_word' id='word_1_114' title='bbox 809 1636 940 1712; x_wconf 83' lang='lat' dir='ltr'>propter</span> <span class='ocrx_word' id='word_1_115' title='bbox 961 1631 1234 1713; x_wconf 89' lang='lat' dir='ltr'>indempnitatem</span> <span class='ocrx_word' id='word_1_116' title='bbox 1250 1632 1407 1713; x_wconf 85' lang='lat' dir='ltr'>ejusdem,</span> 
     </span>
     <span class='ocr_line' id='line_1_15' title="bbox 88 1704 1408 1820; baseline 0 -31"><span class='ocrx_word' id='word_1_117' title='bbox 88 1704 223 1820; x_wconf 57' lang='lat' dir='ltr'>{Jffi‘d</span> <span class='ocrx_word' id='word_1_118' title='bbox 265 1726 391 1789; x_wconf 88' lang='lat' dir='ltr'>solvant</span> <span class='ocrx_word' id='word_1_119' title='bbox 417 1727 509 1789; x_wconf 92' lang='lat' dir='ltr'>nobis</span> <span class='ocrx_word' id='word_1_120' title='bbox 533 1732 567 1789; x_wconf 91' lang='lat' dir='ltr'>ct</span> <span class='ocrx_word' id='word_1_121' title='bbox 593 1726 826 1789; x_wconf 86' lang='lat' dir='ltr'>successoribus</span> <span class='ocrx_word' id='word_1_122' title='bbox 852 1727 970 1788; x_wconf 89' lang='lat' dir='ltr'>nostris</span> <span class='ocrx_word' id='word_1_123' title='bbox 1000 1727 1242 1808; x_wconf 87' lang='lat' dir='ltr'>imperpetuum</span> <span class='ocrx_word' id='word_1_124' title='bbox 1272 1729 1408 1811; x_wconf 85' lang='lat' dir='ltr'>singulis</span> 
     </span>
     <span class='ocr_line' id='line_1_16' title="bbox 87 1819 1409 1904; baseline 0 -19"><span class='ocrx_word' id='word_1_125' title='bbox 87 1819 243 1866; x_wconf 50' lang='grc' dir='ltr'>ΝΟΜ</span> <span class='ocrx_word' id='word_1_126' title='bbox 264 1823 358 1885; x_wconf 88' lang='lat' dir='ltr'>aunis</span> <span class='ocrx_word' id='word_1_127' title='bbox 382 1822 423 1884; x_wconf 91' lang='lat' dir='ltr'>ad</span> <span class='ocrx_word' id='word_1_128' title='bbox 446 1822 563 1904; x_wconf 90' lang='lat' dir='ltr'>Ripon&#39;</span> <span class='ocrx_word' id='word_1_129' title='bbox 577 1823 657 1885; x_wconf 90' lang='lat' dir='ltr'>duos</span> <span class='ocrx_word' id='word_1_130' title='bbox 682 1822 798 1884; x_wconf 91' lang='lat' dir='ltr'>solidos</span> <span class='ocrx_word' id='word_1_131' title='bbox 827 1822 868 1884; x_wconf 87' lang='lat' dir='ltr'>ad</span> <span class='ocrx_word' id='word_1_132' title='bbox 893 1821 978 1884; x_wconf 88' lang='lat' dir='ltr'>festa</span> <span class='ocrx_word' id='word_1_133' title='bbox 1001 1823 1210 1884; x_wconf 84' lang='lat' dir='ltr'>Pentecostes</span> <span class='ocrx_word' id='word_1_134' title='bbox 1241 1830 1276 1885; x_wconf 91' lang='lat' dir='ltr'>et</span> <span class='ocrx_word' id='word_1_135' title='bbox 1298 1824 1409 1886; x_wconf 84' lang='lat' dir='ltr'>Sancti</span> 
     </span>
    </p>
   </div>
   <div class='ocr_carea' id='block_1_3' title="bbox 8 1877 213 1938">
    <p class='ocr_par' dir='ltr' id='par_1_3' title="bbox 8 1877 213 1938">
     <span class='ocr_line' id='line_1_17' title="bbox 8 1877 213 1938; baseline 0.005 -14"><span class='ocrx_word' id='word_1_136' title='bbox 8 1877 213 1938; x_wconf 67' lang='lat' dir='ltr'>,blsbopoi</span> 
     </span>
    </p>
   </div>
   <div class='ocr_carea' id='block_1_4' title="bbox 89 1891 1410 2221">
    <p class='ocr_par' dir='ltr' id='par_1_4' title="bbox 89 1891 1410 2192">
     <span class='ocr_line' id='line_1_18' title="bbox 89 1891 1410 2001; baseline -0.001 -18"><span class='ocrx_word' id='word_1_137' title='bbox 89 1891 176 1983; x_wconf 69' lang='lat' dir='ltr'>rora</span> <span class='ocrx_word' id='word_1_138' title='bbox 265 1918 432 1981; x_wconf 86' lang='lat' dir='ltr'>Martini</span> <span class='ocrx_word' id='word_1_139' title='bbox 423 1939 458 1980; x_wconf 92' lang='lat' dir='ltr'>m</span> <span class='ocrx_word' id='word_1_140' title='bbox 474 1916 592 1994; x_wconf 88' lang='lat' dir='ltr'>hieme,</span> <span class='ocrx_word' id='word_1_141' title='bbox 607 1939 664 2001; x_wconf 90' lang='lat' dir='ltr'>per</span> <span class='ocrx_word' id='word_1_142' title='bbox 685 1918 824 2000; x_wconf 86' lang='lat' dir='ltr'>aequales</span> <span class='ocrx_word' id='word_1_143' title='bbox 849 1919 1026 2000; x_wconf 88' lang='lat' dir='ltr'>porciones,</span> <span class='ocrx_word' id='word_1_144' title='bbox 1042 1918 1128 1980; x_wconf 90' lang='lat' dir='ltr'>ultra</span> <span class='ocrx_word' id='word_1_145' title='bbox 1149 1921 1322 2000; x_wconf 87' lang='lat' dir='ltr'>antiquum</span> <span class='ocrx_word' id='word_1_146' title='bbox 1337 1921 1410 1982; x_wconf 89' lang='lat' dir='ltr'>red-</span> 
     </span>
     <span class='ocr_line' id='line_1_19' title="bbox 263 2012 1409 2097; baseline -0.001 -20"><span class='ocrx_word' id='word_1_147' title='bbox 263 2013 373 2078; x_wconf 87' lang='lat' dir='ltr'>ditum</span> <span class='ocrx_word' id='word_1_148' title='bbox 389 2019 423 2077; x_wconf 88' lang='lat' dir='ltr'>et</span> <span class='ocrx_word' id='word_1_149' title='bbox 445 2015 578 2076; x_wconf 87' lang='lat' dir='ltr'>servicia</span> <span class='ocrx_word' id='word_1_150' title='bbox 589 2036 646 2097; x_wconf 92' lang='lat' dir='ltr'>pro</span> <span class='ocrx_word' id='word_1_151' title='bbox 662 2012 725 2075; x_wconf 90' lang='lat' dir='ltr'>hiis</span> <span class='ocrx_word' id='word_1_152' title='bbox 741 2013 811 2075; x_wconf 89' lang='lat' dir='ltr'>fieri</span> <span class='ocrx_word' id='word_1_153' title='bbox 825 2019 990 2090; x_wconf 87' lang='lat' dir='ltr'>consueta,</span> <span class='ocrx_word' id='word_1_154' title='bbox 1002 2014 1182 2091; x_wconf 82' lang='lat' dir='ltr'>licenciam,</span> <span class='ocrx_word' id='word_1_155' title='bbox 1198 2017 1409 2097; x_wconf 90' lang='lat' dir='ltr'>quantumin</span> 
     </span>
     <span class='ocr_line' id='line_1_20' title="bbox 263 2110 1409 2221; baseline 0 -48"><span class='ocrx_word' id='word_1_156' title='bbox 263 2110 356 2173; x_wconf 90' lang='lat' dir='ltr'>nobis</span> <span class='ocrx_word' id='word_1_157' title='bbox 386 2116 448 2188; x_wconf 87' lang='lat' dir='ltr'>cst,</span> <span class='ocrx_word' id='word_1_158' title='bbox 483 2116 595 2220; x_wconf 81' lang='lat' dir='ltr'>tenore</span> <span class='ocrx_word' id='word_1_159' title='bbox 631 2110 842 2221; x_wconf 73' lang='lat' dir='ltr'>praesenpium</span> <span class='ocrx_word' id='word_1_160' title='bbox 871 2110 1076 2171; x_wconf 83' lang='lat' dir='ltr'>concedimus</span> <span class='ocrx_word' id='word_1_161' title='bbox 1107 2111 1289 2220; x_wconf 81' lang='lat' dir='ltr'>specialem,</span> <span class='ocrx_word' id='word_1_162' title='bbox 1323 2111 1409 2192; x_wconf 89' lang='lat' dir='ltr'>jure,</span> 
     </span>
    </p>
   </div>
   <div class='ocr_carea' id='block_1_5' title="bbox 264 2301 1409 2760">
    <p class='ocr_par' dir='ltr' id='par_1_5' title="bbox 264 2301 1409 2760">
     <span class='ocr_line' id='line_1_21' title="bbox 264 2301 1409 2384; baseline -0.001 -21"><span class='ocrx_word' id='word_1_163' title='bbox 264 2310 382 2364; x_wconf 86' lang='lat' dir='ltr'>nostrae</span> <span class='ocrx_word' id='word_1_164' title='bbox 396 2303 581 2384; x_wconf 84' lang='lat' dir='ltr'>praedictse&#39;</span> <span class='ocrx_word' id='word_1_165' title='bbox 572 2322 607 2362; x_wconf 90' lang='grc' dir='ltr'>ιιι</span> <span class='ocrx_word' id='word_1_166' title='bbox 622 2301 772 2363; x_wconf 92' lang='lat' dir='ltr'>omnibus</span> <span class='ocrx_word' id='word_1_167' title='bbox 796 2321 922 2383; x_wconf 88' lang='lat' dir='ltr'>semper</span> <span class='ocrx_word' id='word_1_168' title='bbox 938 2301 1043 2364; x_wconf 90' lang='lat' dir='ltr'>salvis.</span> <span class='ocrx_word' id='word_1_169' title='bbox 1088 2303 1129 2363; x_wconf 94' lang='lat' dir='ltr'>In</span> <span class='ocrx_word' id='word_1_170' title='bbox 1145 2303 1237 2384; x_wconf 85' lang='lat' dir='ltr'>cujus</span> <span class='ocrx_word' id='word_1_171' title='bbox 1253 2304 1299 2364; x_wconf 88' lang='lat' dir='ltr'>rei</span> <span class='ocrx_word' id='word_1_172' title='bbox 1314 2304 1409 2364; x_wconf 88' lang='lat' dir='ltr'>testi·</span> 
     </span>
     <span class='ocr_line' id='line_1_22' title="bbox 265 2396 1407 2479; baseline -0.001 -20"><span class='ocrx_word' id='word_1_173' title='bbox 265 2399 411 2459; x_wconf 90' lang='lat' dir='ltr'>monium</span> <span class='ocrx_word' id='word_1_174' title='bbox 435 2396 493 2459; x_wconf 88' lang='lat' dir='ltr'>has</span> <span class='ocrx_word' id='word_1_175' title='bbox 515 2398 624 2459; x_wconf 81' lang='lat' dir='ltr'>literas</span> <span class='ocrx_word' id='word_1_176' title='bbox 647 2404 771 2459; x_wconf 88' lang='lat' dir='ltr'>nostras</span> <span class='ocrx_word' id='word_1_177' title='bbox 792 2404 943 2479; x_wconf 85' lang='lat' dir='ltr'>patentes</span> <span class='ocrx_word' id='word_1_178' title='bbox 967 2396 1065 2479; x_wconf 85' lang='lat' dir='ltr'>sigilli</span> <span class='ocrx_word' id='word_1_179' title='bbox 1090 2399 1193 2460; x_wconf 86' lang='lat' dir='ltr'>nostri</span> <span class='ocrx_word' id='word_1_180' title='bbox 1212 2399 1407 2479; x_wconf 86' lang='lat' dir='ltr'>appensione</span> 
     </span>
     <span class='ocr_line' id='line_1_23' title="bbox 265 2490 1409 2576; baseline 0 -22"><span class='ocrx_word' id='word_1_181' title='bbox 265 2491 402 2555; x_wconf 82' lang='lat' dir='ltr'>fecimus</span> <span class='ocrx_word' id='word_1_182' title='bbox 426 2492 630 2555; x_wconf 87' lang='lat' dir='ltr'>communiri.</span> <span class='ocrx_word' id='word_1_183' title='bbox 689 2492 763 2554; x_wconf 87' lang='lat' dir='ltr'>Dat.</span> <span class='ocrx_word' id='word_1_184' title='bbox 785 2493 871 2576; x_wconf 88' lang='lat' dir='ltr'>apud</span> <span class='ocrx_word' id='word_1_185' title='bbox 902 2490 1008 2575; x_wconf 90' lang='lat' dir='ltr'>Thorp</span> <span class='ocrx_word' id='word_1_186' title='bbox 1033 2492 1129 2574; x_wconf 86' lang='lat' dir='ltr'>juxta</span> <span class='ocrx_word' id='word_1_187' title='bbox 1157 2494 1252 2555; x_wconf 90' lang='lat' dir='ltr'>Ebor.</span> <span class='ocrx_word' id='word_1_188' title='bbox 1283 2493 1409 2554; x_wconf 86' lang='lat' dir='ltr'>decimo</span> 
     </span>
     <span class='ocr_line' id='line_1_24' title="bbox 266 2587 1409 2671; baseline -0.002 -20"><span class='ocrx_word' id='word_1_189' title='bbox 266 2588 319 2651; x_wconf 88' lang='lat' dir='ltr'>die</span> <span class='ocrx_word' id='word_1_190' title='bbox 342 2588 464 2650; x_wconf 85' lang='lat' dir='ltr'>mensis</span> <span class='ocrx_word' id='word_1_191' title='bbox 488 2587 617 2668; x_wconf 87' lang='lat' dir='ltr'>Aprilis,</span> <span class='ocrx_word' id='word_1_192' title='bbox 632 2588 727 2649; x_wconf 88' lang='lat' dir='ltr'>Anno</span> <span class='ocrx_word' id='word_1_193' title='bbox 757 2587 888 2649; x_wconf 88' lang='lat' dir='ltr'>Domini</span> <span class='ocrx_word' id='word_1_194' title='bbox 911 2587 1086 2650; x_wconf 91' lang='lat' dir='ltr'>millesimo</span> <span class='ocrx_word' id='word_1_195' title='bbox 1108 2595 1195 2650; x_wconf 65' lang='lat' dir='ltr'>cccm⁰</span> <span class='ocrx_word' id='word_1_196' title='bbox 1211 2590 1409 2671; x_wconf 82' lang='lat' dir='ltr'>sexagesimo</span> 
     </span>
     <span class='ocr_line' id='line_1_25' title="bbox 265 2682 1057 2760; baseline -0.001 -14"><span class='ocrx_word' id='word_1_197' title='bbox 265 2703 363 2760; x_wconf 86' lang='lat' dir='ltr'>nono,</span> <span class='ocrx_word' id='word_1_198' title='bbox 378 2690 412 2745; x_wconf 87' lang='lat' dir='ltr'>ct</span> <span class='ocrx_word' id='word_1_199' title='bbox 426 2688 542 2745; x_wconf 85' lang='lat' dir='ltr'>nostrae</span> <span class='ocrx_word' id='word_1_200' title='bbox 557 2682 780 2745; x_wconf 84' lang='lat' dir='ltr'>translacionis</span> <span class='ocrx_word' id='word_1_201' title='bbox 795 2682 920 2745; x_wconf 89' lang='lat' dir='ltr'>decimo</span> <span class='ocrx_word' id='word_1_202' title='bbox 935 2688 1057 2745; x_wconf 87' lang='lat' dir='ltr'>octavo.</span> 
     </span>
    </p>
   </div>
   <div class='ocr_carea' id='block_1_6' title="bbox 92 2846 1411 3026">
    <p class='ocr_par' dir='ltr' id='par_1_6' title="bbox 92 2846 1411 3026">
     <span class='ocr_line' id='line_1_26' title="bbox 93 2846 1411 2928; baseline 0.002 -22"><span class='ocrx_word' id='word_1_203' title='bbox 93 2861 151 2921; x_wconf 80' lang='grc' dir='ltr'>(ιι)</span> <span class='ocrx_word' id='word_1_204' title='bbox 334 2848 500 2912; x_wconf 88' lang='lat' dir='ltr'>Universis</span> <span class='ocrx_word' id='word_1_205' title='bbox 531 2851 648 2909; x_wconf 85' lang='lat' dir='ltr'>sanotae</span> <span class='ocrx_word' id='word_1_206' title='bbox 672 2848 785 2909; x_wconf 89' lang='lat' dir='ltr'>matris</span> <span class='ocrx_word' id='word_1_207' title='bbox 814 2846 965 2909; x_wconf 69' lang='lat' dir='ltr'>Ecclesiae</span> <span class='ocrx_word' id='word_1_208' title='bbox 991 2846 1067 2908; x_wconf 90' lang='lat' dir='ltr'>filiis</span> <span class='ocrx_word' id='word_1_209' title='bbox 1097 2852 1271 2928; x_wconf 72' lang='lat' dir='ltr'>praesentes</span> <span class='ocrx_word' id='word_1_210' title='bbox 1301 2847 1411 2909; x_wconf 89' lang='lat' dir='ltr'>literas</span> 
     </span>
     <span class='ocr_line' id='line_1_27' title="bbox 92 2931 1411 3026; baseline -0.003 -18"><span class='ocrx_word' id='word_1_211' title='bbox 92 2931 204 3024; x_wconf 48' lang='grc' dir='ltr'>ῗῖέμῃ,</span> <span class='ocrx_word' id='word_1_212' title='bbox 267 2944 471 3026; x_wconf 87' lang='lat' dir='ltr'>inspecturis,</span> <span class='ocrx_word' id='word_1_213' title='bbox 486 2940 663 3020; x_wconf 77' lang='lat' dir='ltr'>iohannes,</span> <span class='ocrx_word' id='word_1_214' title='bbox 678 2944 888 3024; x_wconf 89' lang='lat' dir='ltr'>permissione</span> <span class='ocrx_word' id='word_1_215' title='bbox 904 2943 1015 3005; x_wconf 91' lang='lat' dir='ltr'>divina</span> <span class='ocrx_word' id='word_1_216' title='bbox 1030 2942 1124 3004; x_wconf 90' lang='lat' dir='ltr'>Ebor.</span> <span class='ocrx_word' id='word_1_217' title='bbox 1143 2941 1411 3024; x_wconf 84' lang='lat' dir='ltr'>archiepiscopus,</span> 
     </span>
    </p>
   </div>
   <div class='ocr_carea' id='block_1_7' title="bbox 92 3034 1411 3124">
    <p class='ocr_par' dir='ltr' id='par_1_7' title="bbox 92 3034 1411 3124">
     <span class='ocr_line' id='line_1_28' title="bbox 92 3034 1411 3124; baseline 0.002 -25"><span class='ocrx_word' id='word_1_218' title='bbox 92 3034 179 3083; x_wconf 61' lang='lat'><strong>³¹2⁸·</strong></span> <span class='ocrx_word' id='word_1_219' title='bbox 266 3040 392 3124; x_wconf 84' lang='lat' dir='ltr'>Angliae</span> <span class='ocrx_word' id='word_1_220' title='bbox 415 3041 544 3122; x_wconf 88' lang='lat' dir='ltr'>primas,</span> <span class='ocrx_word' id='word_1_221' title='bbox 560 3043 622 3101; x_wconf 90' lang='lat' dir='ltr'>etc.</span> <span class='ocrx_word' id='word_1_222' title='bbox 639 3038 777 3099; x_wconf 86' lang='lat' dir='ltr'>salutem</span> <span class='ocrx_word' id='word_1_223' title='bbox 796 3039 832 3100; x_wconf 94' lang='lat' dir='ltr'>in</span> <span class='ocrx_word' id='word_1_224' title='bbox 847 3038 979 3101; x_wconf 87' lang='lat' dir='ltr'>sinceris</span> <span class='ocrx_word' id='word_1_225' title='bbox 1004 3037 1205 3119; x_wconf 81' lang='lat' dir='ltr'>amplexibus</span> <span class='ocrx_word' id='word_1_226' title='bbox 1228 3036 1411 3102; x_wconf 76' lang='lat' dir='ltr'>salvatoris.</span> 
     </span>
    </p>
   </div>
   <div class='ocr_carea' id='block_1_8' title="bbox 93 3118 1408 3297">
    <p class='ocr_par' dir='ltr' id='par_1_8' title="bbox 93 3118 1408 3297">
     <span class='ocr_line' id='line_1_29' title="bbox 93 3118 1408 3297; baseline 0.002 -103"><span class='ocrx_word' id='word_1_227' title='bbox 93 3118 218 3297; x_wconf 44' lang='lat' dir='ltr'>{2⁴5}ss</span> <span class='ocrx_word' id='word_1_228' title='bbox 267 3136 403 3199; x_wconf 90' lang='lat' dir='ltr'>Noverit</span> <span class='ocrx_word' id='word_1_229' title='bbox 418 3136 611 3197; x_wconf 88' lang='lat' dir='ltr'>universitas</span> <span class='ocrx_word' id='word_1_230' title='bbox 623 3139 730 3197; x_wconf 90' lang='lat' dir='ltr'>vestra</span> <span class='ocrx_word' id='word_1_231' title='bbox 739 3135 826 3216; x_wconf 94' lang='lat' dir='ltr'>quod</span> <span class='ocrx_word' id='word_1_232' title='bbox 837 3155 912 3196; x_wconf 94' lang='lat' dir='ltr'>cum</span> <span class='ocrx_word' id='word_1_233' title='bbox 925 3133 1058 3196; x_wconf 87' lang='lat' dir='ltr'>celebris</span> <span class='ocrx_word' id='word_1_234' title='bbox 1074 3134 1236 3195; x_wconf 85' lang='lat' dir='ltr'>memoriae</span> <span class='ocrx_word' id='word_1_235' title='bbox 1247 3131 1408 3212; x_wconf 87' lang='lat' dir='ltr'>Thomas,¹</span> 
     </span>
     <span class='ocr_line' id='line_1_30' title="bbox 93 3252 128 3282; baseline 0 0"><span class='ocrx_word' id='word_1_236' title='bbox 93 3252 128 3282; x_wconf 67' lang='grc' dir='ltr'><strong><em>Μ</em></strong></span> 
     </span>
    </p>
   </div>
   <div class='ocr_carea' id='block_1_9' title="bbox 92 3229 1411 3458">
    <p class='ocr_par' dir='ltr' id='par_1_9' title="bbox 93 3229 1411 3408">
     <span class='ocr_line' id='line_1_31' title="bbox 97 3229 1411 3340; baseline -0.005 -43"><span class='ocrx_word' id='word_1_237' title='bbox 97 3252 154 3308; x_wconf 72' lang='lat' dir='ltr'>,w</span> <span class='ocrx_word' id='word_1_238' title='bbox 268 3233 430 3316; x_wconf 91' lang='lat' dir='ltr'>quondam</span> <span class='ocrx_word' id='word_1_239' title='bbox 445 3229 712 3340; x_wconf 85' lang='lat' dir='ltr'>Archiepiscopus</span> <span class='ocrx_word' id='word_1_240' title='bbox 739 3230 834 3292; x_wconf 89' lang='lat' dir='ltr'>Ebor.</span> <span class='ocrx_word' id='word_1_241' title='bbox 836 3230 1078 3311; x_wconf 78' lang='lat' dir='ltr'>,praedecessor</span> <span class='ocrx_word' id='word_1_242' title='bbox 1096 3237 1215 3306; x_wconf 89' lang='lat' dir='ltr'>noster,</span> <span class='ocrx_word' id='word_1_243' title='bbox 1235 3229 1323 3291; x_wconf 87' lang='lat' dir='ltr'>inter</span> <span class='ocrx_word' id='word_1_244' title='bbox 1348 3229 1411 3291; x_wconf 90' lang='lat' dir='ltr'>alia</span> 
     </span>
     <span class='ocr_line' id='line_1_32' title="bbox 92 3298 1410 3458; baseline -0.005 -65.995"><span class='ocrx_word' id='word_1_245' title='bbox 92 3298 220 3458; x_wconf 51' lang='grc' dir='ltr'>ἔέῗῖ</span> <span class='ocrx_word' id='word_1_246' title='bbox 267 3329 445 3390; x_wconf 87' lang='lat' dir='ltr'>ordinasset</span> <span class='ocrx_word' id='word_1_247' title='bbox 476 3337 510 3389; x_wconf 88' lang='lat' dir='ltr'>et</span> <span class='ocrx_word' id='word_1_248' title='bbox 540 3328 593 3408; x_wconf 88' lang='lat' dir='ltr'>pic</span> <span class='ocrx_word' id='word_1_249' title='bbox 620 3326 825 3403; x_wconf 89' lang='lat' dir='ltr'>decrevisset,</span> <span class='ocrx_word' id='word_1_250' title='bbox 847 3325 933 3408; x_wconf 93' lang='lat' dir='ltr'>quod</span> <span class='ocrx_word' id='word_1_251' title='bbox 959 3330 1068 3387; x_wconf 87' lang='lat' dir='ltr'>custos</span> <span class='ocrx_word' id='word_1_252' title='bbox 1098 3322 1267 3407; x_wconf 89' lang='lat' dir='ltr'>hospitalis</span> <span class='ocrx_word' id='word_1_253' title='bbox 1298 3325 1410 3388; x_wconf 83' lang='lat' dir='ltr'>Sancti</span> 
     </span>
    </p>
   </div>
   <div class='ocr_carea' id='block_1_10' title="bbox 92 3410 1410 3516">
    <p class='ocr_par' dir='ltr' id='par_1_10' title="bbox 92 3410 1410 3516">
     <span class='ocr_line' id='line_1_33' title="bbox 92 3410 1410 3516; baseline -0.004 -29.753"><span class='ocrx_word' id='word_1_254' title='bbox 92 3410 201 3516; x_wconf 41' lang='grc' dir='ltr'>’ἔφη</span> <span class='ocrx_word' id='word_1_255' title='bbox 194 3426 231 3514; x_wconf 42' lang='grc' dir='ltr'>(ξι</span> <span class='ocrx_word' id='word_1_256' title='bbox 267 3421 425 3486; x_wconf 90' lang='lat' dir='ltr'>Jobannis</span> <span class='ocrx_word' id='word_1_257' title='bbox 455 3423 537 3504; x_wconf 88' lang='lat' dir='ltr'>Bapt</span> <span class='ocrx_word' id='word_1_258' title='bbox 524 3424 610 3483; x_wconf 83' lang='lat' dir='ltr'>tistae</span> <span class='ocrx_word' id='word_1_259' title='bbox 640 3420 757 3504; x_wconf 86' lang='lat' dir='ltr'>Ripon’</span> <span class='ocrx_word' id='word_1_260' title='bbox 779 3421 836 3502; x_wconf 91' lang='lat' dir='ltr'>qui</span> <span class='ocrx_word' id='word_1_261' title='bbox 864 3441 921 3502; x_wconf 94' lang='lat' dir='ltr'>pro</span> <span class='ocrx_word' id='word_1_262' title='bbox 947 3427 1093 3503; x_wconf 87' lang='lat' dir='ltr'>tempore</span> <span class='ocrx_word' id='word_1_263' title='bbox 1119 3419 1220 3481; x_wconf 85' lang='lat' dir='ltr'>fuerit</span> <span class='ocrx_word' id='word_1_264' title='bbox 1250 3422 1410 3483; x_wconf 86' lang='lat' dir='ltr'>sexdecim</span> 
     </span>
    </p>
   </div>
   <div class='ocr_carea' id='block_1_11' title="bbox 91 3515 1411 3601">
    <p class='ocr_par' dir='ltr' id='par_1_11' title="bbox 91 3515 1411 3601">
     <span class='ocr_line' id='line_1_34' title="bbox 91 3515 1411 3601; baseline 0.003 -26"><span class='ocrx_word' id='word_1_265' title='bbox 91 3529 209 3575; x_wconf 68' lang='lat' dir='ltr'>marm</span> <span class='ocrx_word' id='word_1_266' title='bbox 268 3519 365 3581; x_wconf 91' lang='lat' dir='ltr'>boves</span> <span class='ocrx_word' id='word_1_267' title='bbox 394 3540 451 3601; x_wconf 91' lang='lat' dir='ltr'>pro</span> <span class='ocrx_word' id='word_1_268' title='bbox 473 3517 670 3600; x_wconf 84' lang='lat' dir='ltr'>agricultura</span> <span class='ocrx_word' id='word_1_269' title='bbox 699 3515 868 3598; x_wconf 86' lang='lat' dir='ltr'>hospitalis</span> <span class='ocrx_word' id='word_1_270' title='bbox 897 3517 1055 3597; x_wconf 79' lang='lat' dir='ltr'>praedicti,</span> <span class='ocrx_word' id='word_1_271' title='bbox 1082 3521 1117 3578; x_wconf 90' lang='lat' dir='ltr'>et</span> <span class='ocrx_word' id='word_1_272' title='bbox 1143 3516 1223 3577; x_wconf 92' lang='lat' dir='ltr'>duos</span> <span class='ocrx_word' id='word_1_273' title='bbox 1250 3536 1359 3598; x_wconf 90' lang='lat' dir='ltr'>equos,</span> <span class='ocrx_word' id='word_1_274' title='bbox 1376 3523 1411 3579; x_wconf 88' lang='lat' dir='ltr'>et</span> 
     </span>
    </p>
   </div>
   <div class='ocr_carea' id='block_1_12' title="bbox 90 3587 1411 3705">
    <p class='ocr_par' dir='ltr' id='par_1_12' title="bbox 90 3587 1411 3705">
     <span class='ocr_line' id='line_1_35' title="bbox 90 3587 1411 3705; baseline -0.002 -28"><span class='ocrx_word' id='word_1_275' title='bbox 90 3587 209 3705; x_wconf 57' lang='lat' dir='ltr'>Jfflf,</span> <span class='ocrx_word' id='word_1_276' title='bbox 268 3615 332 3677; x_wconf 91' lang='lat' dir='ltr'>duo</span> <span class='ocrx_word' id='word_1_277' title='bbox 348 3621 451 3676; x_wconf 87' lang='lat' dir='ltr'>aratra</span> <span class='ocrx_word' id='word_1_278' title='bbox 466 3634 538 3675; x_wconf 89' lang='lat' dir='ltr'>cum</span> <span class='ocrx_word' id='word_1_279' title='bbox 555 3612 650 3690; x_wconf 90' lang='lat' dir='ltr'>attil‘,</span> <span class='ocrx_word' id='word_1_280' title='bbox 665 3633 791 3674; x_wconf 89' lang='lat' dir='ltr'>necnon</span> <span class='ocrx_word' id='word_1_281' title='bbox 806 3632 909 3673; x_wconf 92' lang='lat' dir='ltr'>unum</span> <span class='ocrx_word' id='word_1_282' title='bbox 924 3610 1106 3693; x_wconf 88' lang='lat' dir='ltr'>plaustrum</span> <span class='ocrx_word' id='word_1_283' title='bbox 1130 3617 1165 3673; x_wconf 88' lang='lat' dir='ltr'>et</span> <span class='ocrx_word' id='word_1_284' title='bbox 1186 3632 1284 3673; x_wconf 90' lang='lat' dir='ltr'>unam</span> <span class='ocrx_word' id='word_1_285' title='bbox 1306 3633 1411 3675; x_wconf 88' lang='lat' dir='ltr'>carec-</span> 
     </span>
    </p>
   </div>
   <div class='ocr_carea' id='block_1_13' title="bbox 91 3703 1410 3808">
    <p class='ocr_par' dir='ltr' id='par_1_13' title="bbox 91 3703 1410 3808">
     <span class='ocr_line' id='line_1_36' title="bbox 91 3703 1410 3808; baseline 0.001 -38"><span class='ocrx_word' id='word_1_286' title='bbox 91 3703 207 3808; x_wconf 53' lang='lat' dir='ltr'>§mm</span> <span class='ocrx_word' id='word_1_287' title='bbox 268 3717 335 3774; x_wconf 91' lang='lat' dir='ltr'>tam</span> <span class='ocrx_word' id='word_1_288' title='bbox 359 3733 433 3775; x_wconf 89' lang='lat' dir='ltr'>cum</span> <span class='ocrx_word' id='word_1_289' title='bbox 457 3711 547 3773; x_wconf 88' lang='lat' dir='ltr'>ferris</span> <span class='ocrx_word' id='word_1_290' title='bbox 573 3715 608 3771; x_wconf 93' lang='lat' dir='ltr'>et</span> <span class='ocrx_word' id='word_1_291' title='bbox 633 3714 703 3772; x_wconf 86' lang='lat' dir='ltr'>toto</span> <span class='ocrx_word' id='word_1_292' title='bbox 729 3708 836 3771; x_wconf 89' lang='lat' dir='ltr'>attilio</span> <span class='ocrx_word' id='word_1_293' title='bbox 859 3707 969 3769; x_wconf 83' lang='lat' dir='ltr'>futuro</span> <span class='ocrx_word' id='word_1_294' title='bbox 1001 3710 1172 3769; x_wconf 84' lang='lat' dir='ltr'>successori</span> <span class='ocrx_word' id='word_1_295' title='bbox 1205 3729 1262 3771; x_wconf 89' lang='lat' dir='ltr'>suo</span> <span class='ocrx_word' id='word_1_296' title='bbox 1285 3710 1410 3772; x_wconf 90' lang='lat' dir='ltr'>custodi</span> 
     </span>
    </p>
   </div>
   <div class='ocr_carea' id='block_1_14' title="bbox 92 3803 1411 3891">
    <p class='ocr_par' dir='ltr' id='par_1_14' title="bbox 92 3803 1411 3891">
     <span class='ocr_line' id='line_1_37' title="bbox 92 3803 1411 3891; baseline 0 -25"><span class='ocrx_word' id='word_1_297' title='bbox 92 3820 229 3891; x_wconf 66' lang='lat' dir='ltr'>Raptam</span> <span class='ocrx_word' id='word_1_298' title='bbox 267 3807 412 3890; x_wconf 86' lang='lat' dir='ltr'>ejusdem</span> <span class='ocrx_word' id='word_1_299' title='bbox 436 3805 605 3889; x_wconf 91' lang='lat' dir='ltr'>hospitalis</span> <span class='ocrx_word' id='word_1_300' title='bbox 620 3805 818 3887; x_wconf 89' lang='lat' dir='ltr'>relinqueret</span> <span class='ocrx_word' id='word_1_301' title='bbox 844 3809 878 3865; x_wconf 88' lang='lat' dir='ltr'>ct</span> <span class='ocrx_word' id='word_1_302' title='bbox 900 3803 1084 3865; x_wconf 90' lang='lat' dir='ltr'>dimitteret</span> <span class='ocrx_word' id='word_1_303' title='bbox 1109 3803 1274 3881; x_wconf 87' lang='lat' dir='ltr'>ibidem,</span> <span class='ocrx_word' id='word_1_304' title='bbox 1264 3825 1300 3866; x_wconf 90' lang='lat'>111</span> <span class='ocrx_word' id='word_1_305' title='bbox 1316 3825 1411 3866; x_wconf 92' lang='lat' dir='ltr'>usum</span> 
     </span>
    </p>
   </div>
   <div class='ocr_carea' id='block_1_15' title="bbox 84 3879 1470 4263">
    <p class='ocr_par' dir='ltr' id='par_1_15' title="bbox 84 3879 1413 4100">
     <span class='ocr_line' id='line_1_38' title="bbox 88 3879 1411 3997; baseline -0.005 -29"><span class='ocrx_word' id='word_1_306' title='bbox 88 3879 220 3997; x_wconf 40' lang='lat' dir='ltr'>imm</span> <span class='ocrx_word' id='word_1_307' title='bbox 109 3895 244 3996; x_wconf 40' lang='lat' dir='ltr'>„stem</span> <span class='ocrx_word' id='word_1_308' title='bbox 269 3913 303 3967; x_wconf 89' lang='lat' dir='ltr'>et</span> <span class='ocrx_word' id='word_1_309' title='bbox 326 3905 505 3966; x_wconf 91' lang='lat' dir='ltr'>utilitatem</span> <span class='ocrx_word' id='word_1_310' title='bbox 521 3921 698 3983; x_wconf 84' lang='lat' dir='ltr'>pauperum</span> <span class='ocrx_word' id='word_1_311' title='bbox 715 3905 750 3961; x_wconf 88' lang='lat' dir='ltr'>et</span> <span class='ocrx_word' id='word_1_312' title='bbox 767 3899 967 3961; x_wconf 89' lang='lat' dir='ltr'>infirmorum</span> <span class='ocrx_word' id='word_1_313' title='bbox 984 3898 1130 3980; x_wconf 86' lang='lat' dir='ltr'>ejusdem</span> <span class='ocrx_word' id='word_1_314' title='bbox 1145 3897 1316 3982; x_wconf 89' lang='lat' dir='ltr'>hospitalis</span> <span class='ocrx_word' id='word_1_315' title='bbox 1338 3922 1411 3982; x_wconf 88' lang='lat' dir='ltr'>per-</span> 
     </span>
     <span class='ocr_line' id='line_1_39' title="bbox 84 3993 1413 4102; baseline -0.004 -40"><span class='ocrx_word' id='word_1_316' title='bbox 84 3996 236 4100; x_wconf 46' lang='lat' dir='ltr'>s&#39;oess‘ss„</span> <span class='ocrx_word' id='word_1_317' title='bbox 183 4002 208 4040; x_wconf 59' lang='lat' dir='ltr'>&#39;l</span> <span class='ocrx_word' id='word_1_318' title='bbox 267 4006 368 4082; x_wconf 88' lang='lat' dir='ltr'>petuo</span> <span class='ocrx_word' id='word_1_319' title='bbox 382 3997 607 4071; x_wconf 89' lang='lat' dir='ltr'>convertenda,</span> <span class='ocrx_word' id='word_1_320' title='bbox 632 4001 725 4076; x_wconf 92' lang='lat' dir='ltr'>prout</span> <span class='ocrx_word' id='word_1_321' title='bbox 749 3996 784 4056; x_wconf 94' lang='lat' dir='ltr'>in</span> <span class='ocrx_word' id='word_1_322' title='bbox 805 3995 934 4057; x_wconf 86' lang='lat' dir='ltr'>decreto</span> <span class='ocrx_word' id='word_1_323' title='bbox 952 3993 1031 4055; x_wconf 88' lang='lat' dir='ltr'>dicti</span> <span class='ocrx_word' id='word_1_324' title='bbox 1050 3995 1289 4102; x_wconf 69' lang='lat' dir='ltr'>praedecessoris</span> <span class='ocrx_word' id='word_1_325' title='bbox 1310 3997 1413 4057; x_wconf 92' lang='lat' dir='ltr'>nostri</span> 
     </span>
    </p>

    <p class='ocr_par' dir='ltr' id='par_1_16' title="bbox 92 4089 1470 4258">
     <span class='ocr_line' id='line_1_40' title="bbox 230 4089 1470 4174; baseline -0.003 -16.877"><span class='ocrx_word' id='word_1_326' title='bbox 230 4089 342 4157; x_wconf 90' lang='lat' dir='ltr'>inde</span> <span class='ocrx_word' id='word_1_327' title='bbox 358 4093 484 4155; x_wconf 78' lang='lat' dir='ltr'>confert</span> <span class='ocrx_word' id='word_1_328' title='bbox 471 4101 505 4154; x_wconf 89' lang='lat' dir='ltr'>to</span> <span class='ocrx_word' id='word_1_329' title='bbox 520 4092 647 4174; x_wconf 90' lang='lat' dir='ltr'>plenius</span> <span class='ocrx_word' id='word_1_330' title='bbox 671 4091 866 4165; x_wconf 89' lang='lat' dir='ltr'>continetur,</span> <span class='ocrx_word' id='word_1_331' title='bbox 882 4089 1120 4151; x_wconf 90' lang='lat' dir='ltr'>venerabilis&#39;</span> <span class='ocrx_word' id='word_1_332' title='bbox 1091 4111 1139 4150; x_wconf 78' lang='grc' dir='ltr'>ιιι</span> <span class='ocrx_word' id='word_1_333' title='bbox 1162 4096 1198 4151; x_wconf 88' lang='lat' dir='ltr'>ct</span> <span class='ocrx_word' id='word_1_334' title='bbox 1212 4091 1386 4153; x_wconf 89' lang='lat' dir='ltr'>dilectus</span> <span class='ocrx_word' id='word_1_335' title='bbox 1377 4112 1409 4153; x_wconf 91' lang='grc' dir='ltr'>ιιι</span> <span class='ocrx_word' id='word_1_336' title='bbox 1466 4119 1470 4125; x_wconf 91' lang='grc'><em>·</em></span> 
     </span>
     <span class='ocr_line' id='line_1_41' title="bbox 92 4183 1412 4263; baseline -0.007 -6"><span class='ocrx_word' id='word_1_337' title='bbox 92 4208 211 4258; x_wconf 69' lang='lat' dir='ltr'>Danaus</span> <span class='ocrx_word' id='word_1_338' title='bbox 268 4189 395 4255; x_wconf 84' lang='lat' dir='ltr'>Christo</span> <span class='ocrx_word' id='word_1_339' title='bbox 418 4188 504 4250; x_wconf 88' lang='lat' dir='ltr'>filius</span> <span class='ocrx_word' id='word_1_340' title='bbox 527 4187 679 4249; x_wconf 90' lang='lat' dir='ltr'>dominus</span> <span class='ocrx_word' id='word_1_341' title='bbox 707 4184 810 4246; x_wconf 91' lang='lat' dir='ltr'>David</span> <span class='ocrx_word' id='word_1_342' title='bbox 835 4184 876 4245; x_wconf 91' lang='lat' dir='ltr'>de</span> <span class='ocrx_word' id='word_1_343' title='bbox 891 4183 1048 4263; x_wconf 92' lang='lat' dir='ltr'>Wollour,</span> <span class='ocrx_word' id='word_1_344' title='bbox 1064 4187 1238 4247; x_wconf 89' lang='lat' dir='ltr'>canonicus</span> <span class='ocrx_word' id='word_1_345' title='bbox 1267 4187 1412 4249; x_wconf 86' lang='lat' dir='ltr'>ecclesiae</span> 
     </span>
    </p>
   </div>
   <div class='ocr_carea' id='block_1_16' title="bbox 92 4268 209 4328">
    <p class='ocr_par' dir='ltr' id='par_1_17' title="bbox 92 4268 209 4328">
     <span class='ocr_line' id='line_1_42' title="bbox 92 4268 209 4328; baseline 0.018 -14"><span class='ocrx_word' id='word_1_346' title='bbox 92 4268 172 4316; x_wconf 88' lang='lat' dir='ltr'>Wollo</span> <span class='ocrx_word' id='word_1_347' title='bbox 173 4285 209 4328; x_wconf 87' lang='lat' dir='ltr'>ur,</span> 
     </span>
    </p>
   </div>
   <div class='ocr_carea' id='block_1_17' title="bbox 90 4278 1411 4389">
    <p class='ocr_par' dir='ltr' id='par_1_18' title="bbox 90 4278 1411 4389">
     <span class='ocr_line' id='line_1_43' title="bbox 90 4278 1411 4389; baseline -0.005 -38"><span class='ocrx_word' id='word_1_348' title='bbox 90 4304 242 4389; x_wconf 70' lang='lat' dir='ltr'>hemula</span> <span class='ocrx_word' id='word_1_349' title='bbox 266 4296 382 4349; x_wconf 84' lang='lat' dir='ltr'>nostrae</span> <span class='ocrx_word' id='word_1_350' title='bbox 406 4282 595 4346; x_wconf 88' lang='lat' dir='ltr'>cathedralis</span> <span class='ocrx_word' id='word_1_351' title='bbox 611 4281 718 4360; x_wconf 73' lang='lat' dir='ltr'>abor,</span> <span class='ocrx_word' id='word_1_352' title='bbox 735 4301 838 4362; x_wconf 91' lang='lat' dir='ltr'>nuper</span> <span class='ocrx_word' id='word_1_353' title='bbox 850 4285 958 4341; x_wconf 88' lang='lat' dir='ltr'>custos</span> <span class='ocrx_word' id='word_1_354' title='bbox 980 4278 1150 4362; x_wconf 85' lang='lat' dir='ltr'>hospitalis</span> <span class='ocrx_word' id='word_1_355' title='bbox 1165 4283 1324 4362; x_wconf 84' lang='lat' dir='ltr'>proedicti,</span> <span class='ocrx_word' id='word_1_356' title='bbox 1340 4304 1411 4365; x_wconf 92' lang='lat' dir='ltr'>pro-</span> 
     </span>
    </p>
   </div>
   <div class='ocr_carea' id='block_1_18' title="bbox 463 4422 1188 4495">
    <p class='ocr_par' dir='ltr' id='par_1_19' title="bbox 463 4422 1188 4495">
     <span class='ocr_line' id='line_1_44' title="bbox 463 4422 1188 4495; baseline 0.003 -17"><span class='ocrx_word' id='word_1_357' title='bbox 463 4427 505 4493; x_wconf 73' lang='grc'>(1)</span> <span class='ocrx_word' id='word_1_358' title='bbox 526 4425 574 4478; x_wconf 86' lang='lat' dir='ltr'>See</span> <span class='ocrx_word' id='word_1_359' title='bbox 588 4424 659 4495; x_wconf 83' lang='lat' dir='ltr'>Abp.</span> <span class='ocrx_word' id='word_1_360' title='bbox 673 4423 840 4493; x_wconf 77' lang='lat' dir='ltr'>Corbridge&#39;s</span> <span class='ocrx_word' id='word_1_361' title='bbox 852 4423 987 4492; x_wconf 71' lang='lat' dir='ltr'>Repulsi,</span> <span class='ocrx_word' id='word_1_362' title='bbox 999 4422 1092 4492; x_wconf 84' lang='lat' dir='ltr'>above,</span> <span class='ocrx_word' id='word_1_363' title='bbox 1105 4441 1130 4495; x_wconf 88' lang='lat' dir='ltr'>p.</span> <span class='ocrx_word' id='word_1_364' title='bbox 1145 4425 1188 4480; x_wconf 78' lang='grc'>29.</span> 
     </span>
    </p>
   </div>
   <div class='ocr_carea' id='block_1_19' title="bbox 0 0 1508 5010">
    <p class='ocr_par' dir='ltr' id='par_1_20' title="bbox 0 0 1508 5010">
     <span class='ocr_line' id='line_1_45' title="bbox 0 0 1508 5010; baseline 0 0"><span class='ocrx_word' id='word_1_365' title='bbox 0 0 1508 5010; x_wconf 95' lang='lat' dir='ltr'> </span> 
     </span>
    </p>
   </div>
  </div>
 </body>
</html>
