<?xml version="1.0" encoding="UTF-8"?>
<!DOCTYPE html PUBLIC "-//W3C//DTD XHTML 1.0 Transitional//EN"
    "http://www.w3.org/TR/xhtml1/DTD/xhtml1-transitional.dtd">
<html xmlns="http://www.w3.org/1999/xhtml" xml:lang="en" lang="en">
 <head>
  <title>
</title>
<meta http-equiv="Content-Type" content="text/html;charset=utf-8" />
  <meta name='ocr-system' content='tesseract 3.04.00' />
  <meta name='ocr-capabilities' content='ocr_page ocr_carea ocr_par ocr_line ocrx_word'/>
</head>
<body>
  <div class='ocr_page' id='page_1' title='image "./memorialschurch04fowlgoog_0157.png"; bbox 0 0 2992 5010; ppageno 0'>
   <div class='ocr_carea' id='block_1_1' title="bbox 617 305 1039 361">
    <p class='ocr_par' dir='ltr' id='par_1_1' title="bbox 617 305 1039 361">
     <span class='ocr_line' id='line_1_1' title="bbox 617 305 1039 361; baseline -0.012 0"><span class='ocrx_word' id='word_1_1' title='bbox 617 306 825 361; x_wconf 67' lang='lat' dir='ltr'>aenomaus</span> <span class='ocrx_word' id='word_1_2' title='bbox 849 305 894 358; x_wconf 69' lang='lat' dir='ltr'>Ol</span> <span class='ocrx_word' id='word_1_3' title='bbox 919 305 1039 358; x_wconf 83' lang='lat' dir='ltr'><strong>RIPON.</strong></span> 
     </span>
    </p>
   </div>
   <div class='ocr_carea' id='block_1_2' title="bbox 253 474 1409 2952">
    <p class='ocr_par' dir='ltr' id='par_1_2' title="bbox 253 474 1409 2952">
     <span class='ocr_line' id='line_1_2' title="bbox 257 474 1404 563; baseline -0.004 -22"><span class='ocrx_word' id='word_1_4' title='bbox 257 484 408 563; x_wconf 85' lang='lat' dir='ltr'>patorum</span> <span class='ocrx_word' id='word_1_5' title='bbox 423 478 475 541; x_wconf 92' lang='lat' dir='ltr'>die</span> <span class='ocrx_word' id='word_1_6' title='bbox 491 477 619 554; x_wconf 89' lang='lat' dir='ltr'>Martis,</span> <span class='ocrx_word' id='word_1_7' title='bbox 633 475 786 538; x_wconf 84' lang='lat' dir='ltr'>videlicet</span> <span class='ocrx_word' id='word_1_8' title='bbox 805 475 946 538; x_wconf 91' lang='lat' dir='ltr'>secundo</span> <span class='ocrx_word' id='word_1_9' title='bbox 968 475 1020 537; x_wconf 91' lang='lat' dir='ltr'>die</span> <span class='ocrx_word' id='word_1_10' title='bbox 1042 475 1162 536; x_wconf 85' lang='lat' dir='ltr'><strong>mensis</strong></span> <span class='ocrx_word' id='word_1_11' title='bbox 1176 474 1297 557; x_wconf 82' lang='lat' dir='ltr'><strong>Aprilis</strong></span> <span class='ocrx_word' id='word_1_12' title='bbox 1313 494 1404 556; x_wconf 87' lang='lat' dir='ltr'>prox.</span> 
     </span>
     <span class='ocr_line' id='line_1_3' title="bbox 256 572 1407 654; baseline -0.005 -16"><span class='ocrx_word' id='word_1_13' title='bbox 256 575 379 654; x_wconf 88' lang='lat' dir='ltr'>futuro,</span> <span class='ocrx_word' id='word_1_14' title='bbox 408 595 483 637; x_wconf 92' lang='lat' dir='ltr'>cum</span> <span class='ocrx_word' id='word_1_15' title='bbox 520 574 765 636; x_wconf 90' lang='lat' dir='ltr'>continuacione</span> <span class='ocrx_word' id='word_1_16' title='bbox 791 576 826 634; x_wconf 90' lang='lat' dir='ltr'>et</span> <span class='ocrx_word' id='word_1_17' title='bbox 851 572 1077 654; x_wconf 84' lang='lat' dir='ltr'>prorogacione</span> <span class='ocrx_word' id='word_1_18' title='bbox 1115 572 1242 633; x_wconf 92' lang='lat' dir='ltr'>dierum</span> <span class='ocrx_word' id='word_1_19' title='bbox 1269 590 1407 653; x_wconf 91' lang='lat' dir='ltr'>sequen·</span> 
     </span>
     <span class='ocr_line' id='line_1_4' title="bbox 256 664 1408 753; baseline -0.006 -19"><span class='ocrx_word' id='word_1_20' title='bbox 256 673 345 734; x_wconf 93' lang='lat' dir='ltr'>cium</span> <span class='ocrx_word' id='word_1_21' title='bbox 374 677 536 753; x_wconf 90' lang='lat' dir='ltr'>quatenus</span> <span class='ocrx_word' id='word_1_22' title='bbox 566 689 696 731; x_wconf 86' lang='lat' dir='ltr'>necesse</span> <span class='ocrx_word' id='word_1_23' title='bbox 725 666 829 729; x_wconf 88' lang='lat' dir='ltr'>fuerit</span> <span class='ocrx_word' id='word_1_24' title='bbox 856 668 893 728; x_wconf 92' lang='lat' dir='ltr'>in</span> <span class='ocrx_word' id='word_1_25' title='bbox 922 664 982 729; x_wconf 88' lang='lat' dir='ltr'>hec</span> <span class='ocrx_word' id='word_1_26' title='bbox 1012 671 1113 749; x_wconf 82' lang='lat' dir='ltr'>parte,</span> <span class='ocrx_word' id='word_1_27' title='bbox 1143 667 1228 729; x_wconf 86' lang='lat' dir='ltr'>facta</span> <span class='ocrx_word' id='word_1_28' title='bbox 1253 668 1408 748; x_wconf 91' lang='lat' dir='ltr'>primitus</span> 
     </span>
     <span class='ocr_line' id='line_1_5' title="bbox 255 762 1409 850; baseline -0.004 -22"><span class='ocrx_word' id='word_1_29' title='bbox 255 767 508 850; x_wconf 76' lang='lat' dir='ltr'>praesentacione</span> <span class='ocrx_word' id='word_1_30' title='bbox 545 764 675 846; x_wconf 88' lang='lat' dir='ltr'>publica</span> <span class='ocrx_word' id='word_1_31' title='bbox 712 769 747 826; x_wconf 89' lang='lat' dir='ltr'>et</span> <span class='ocrx_word' id='word_1_32' title='bbox 785 762 942 844; x_wconf 83' lang='lat' dir='ltr'>solempni</span> <span class='ocrx_word' id='word_1_33' title='bbox 972 764 1007 824; x_wconf 91' lang='lat' dir='ltr'>in</span> <span class='ocrx_word' id='word_1_34' title='bbox 1038 762 1175 825; x_wconf 89' lang='lat' dir='ltr'>ecclesia</span> <span class='ocrx_word' id='word_1_35' title='bbox 1212 762 1409 825; x_wconf 90' lang='lat' dir='ltr'>Eboracensi</span> 
     </span>
     <span class='ocr_line' id='line_1_6' title="bbox 257 857 1408 944; baseline -0.005 -20"><span class='ocrx_word' id='word_1_36' title='bbox 257 868 447 939; x_wconf 88' lang='lat' dir='ltr'>memorata,</span> <span class='ocrx_word' id='word_1_37' title='bbox 462 862 548 944; x_wconf 94' lang='lat' dir='ltr'>quod</span> <span class='ocrx_word' id='word_1_38' title='bbox 565 861 592 922; x_wconf 94' lang='lat' dir='ltr'>si</span> <span class='ocrx_word' id='word_1_39' title='bbox 607 861 680 942; x_wconf 92' lang='lat' dir='ltr'>quis</span> <span class='ocrx_word' id='word_1_40' title='bbox 692 858 743 922; x_wconf 89' lang='lat' dir='ltr'>vel</span> <span class='ocrx_word' id='word_1_41' title='bbox 755 859 812 941; x_wconf 93' lang='lat' dir='ltr'>qui</span> <span class='ocrx_word' id='word_1_42' title='bbox 823 859 997 941; x_wconf 89' lang='lat' dir='ltr'>quicquam</span> <span class='ocrx_word' id='word_1_43' title='bbox 1005 857 1199 920; x_wconf 90' lang='lat' dir='ltr'>racionabile</span> <span class='ocrx_word' id='word_1_44' title='bbox 1214 858 1267 920; x_wconf 89' lang='lat' dir='ltr'>vel</span> <span class='ocrx_word' id='word_1_45' title='bbox 1277 857 1408 939; x_wconf 88' lang='lat' dir='ltr'>justum</span> 
     </span>
     <span class='ocr_line' id='line_1_7' title="bbox 257 954 1408 1041; baseline -0.003 -21"><span class='ocrx_word' id='word_1_46' title='bbox 257 978 434 1041; x_wconf 82' lang='lat' dir='ltr'>proponere</span> <span class='ocrx_word' id='word_1_47' title='bbox 450 958 590 1020; x_wconf 91' lang='lat' dir='ltr'>voluerit</span> <span class='ocrx_word' id='word_1_48' title='bbox 605 955 656 1018; x_wconf 90' lang='lat' dir='ltr'>vel</span> <span class='ocrx_word' id='word_1_49' title='bbox 671 954 844 1033; x_wconf 85' lang='lat' dir='ltr'>voluerint,</span> <span class='ocrx_word' id='word_1_50' title='bbox 854 974 952 1036; x_wconf 87' lang='lat' dir='ltr'>quare</span> <span class='ocrx_word' id='word_1_51' title='bbox 967 955 1007 1016; x_wconf 88' lang='lat' dir='ltr'>ad</span> <span class='ocrx_word' id='word_1_52' title='bbox 1023 955 1234 1038; x_wconf 69' lang='lat' dir='ltr'>purgationes</span> <span class='ocrx_word' id='word_1_53' title='bbox 1246 954 1408 1016; x_wconf 91' lang='lat' dir='ltr'>dictorum</span> 
     </span>
     <span class='ocr_line' id='line_1_8' title="bbox 257 1049 1408 1135; baseline -0.003 -20"><span class='ocrx_word' id='word_1_54' title='bbox 257 1053 447 1116; x_wconf 90' lang='lat' dir='ltr'>clericorum</span> <span class='ocrx_word' id='word_1_55' title='bbox 462 1053 598 1114; x_wconf 93' lang='lat' dir='ltr'>minime</span> <span class='ocrx_word' id='word_1_56' title='bbox 619 1051 748 1133; x_wconf 85' lang='lat' dir='ltr'>procedi</span> <span class='ocrx_word' id='word_1_57' title='bbox 770 1051 904 1135; x_wconf 80' lang='lat' dir='ltr'>debeat,</span> <span class='ocrx_word' id='word_1_58' title='bbox 913 1050 1009 1112; x_wconf 91' lang='lat' dir='ltr'>dictis</span> <span class='ocrx_word' id='word_1_59' title='bbox 1024 1051 1078 1112; x_wconf 90' lang='lat' dir='ltr'>die</span> <span class='ocrx_word' id='word_1_60' title='bbox 1093 1056 1128 1112; x_wconf 90' lang='lat' dir='ltr'>et</span> <span class='ocrx_word' id='word_1_61' title='bbox 1142 1049 1211 1111; x_wconf 93' lang='lat' dir='ltr'>loco</span> <span class='ocrx_word' id='word_1_62' title='bbox 1226 1056 1408 1131; x_wconf 83' lang='lat' dir='ltr'>compareat</span> 
     </span>
     <span class='ocr_line' id='line_1_9' title="bbox 258 1144 1406 1231; baseline -0.004 -18"><span class='ocrx_word' id='word_1_63' title='bbox 258 1154 293 1214; x_wconf 91' lang='lat' dir='ltr'>et</span> <span class='ocrx_word' id='word_1_64' title='bbox 311 1154 519 1231; x_wconf 87' lang='lat' dir='ltr'>compareant</span> <span class='ocrx_word' id='word_1_65' title='bbox 537 1168 643 1211; x_wconf 88' lang='lat' dir='ltr'>coram</span> <span class='ocrx_word' id='word_1_66' title='bbox 665 1147 767 1225; x_wconf 84' lang='lat' dir='ltr'>vobis,</span> <span class='ocrx_word' id='word_1_67' title='bbox 789 1148 981 1209; x_wconf 89' lang='lat' dir='ltr'>canonicum</span> <span class='ocrx_word' id='word_1_68' title='bbox 1003 1144 1190 1229; x_wconf 88' lang='lat' dir='ltr'>hujusmodi</span> <span class='ocrx_word' id='word_1_69' title='bbox 1212 1147 1406 1228; x_wconf 74' lang='lat' dir='ltr'>proposituri</span> 
     </span>
     <span class='ocr_line' id='line_1_10' title="bbox 258 1241 1406 1325; baseline -0.004 -18"><span class='ocrx_word' id='word_1_70' title='bbox 258 1249 293 1307; x_wconf 90' lang='lat' dir='ltr'>et</span> <span class='ocrx_word' id='word_1_71' title='bbox 307 1245 389 1307; x_wconf 93' lang='lat' dir='ltr'>illud</span> <span class='ocrx_word' id='word_1_72' title='bbox 404 1245 557 1306; x_wconf 90' lang='lat' dir='ltr'>canonice</span> <span class='ocrx_word' id='word_1_73' title='bbox 568 1243 744 1325; x_wconf 77' lang='lat' dir='ltr'>probaturi,</span> <span class='ocrx_word' id='word_1_74' title='bbox 756 1249 876 1305; x_wconf 89' lang='lat' dir='ltr'>etcum</span> <span class='ocrx_word' id='word_1_75' title='bbox 888 1242 1093 1324; x_wconf 87' lang='lat' dir='ltr'>plenitudine</span> <span class='ocrx_word' id='word_1_76' title='bbox 1101 1241 1243 1323; x_wconf 85' lang='lat' dir='ltr'>justiciae</span> <span class='ocrx_word' id='word_1_77' title='bbox 1253 1242 1406 1303; x_wconf 89' lang='lat' dir='ltr'>audietur</span> 
     </span>
     <span class='ocr_line' id='line_1_11' title="bbox 259 1337 1404 1421; baseline -0.003 -19"><span class='ocrx_word' id='word_1_78' title='bbox 259 1344 294 1402; x_wconf 90' lang='lat' dir='ltr'>et</span> <span class='ocrx_word' id='word_1_79' title='bbox 315 1340 490 1402; x_wconf 81' lang='lat' dir='ltr'>audientur</span> <span class='ocrx_word' id='word_1_80' title='bbox 506 1339 604 1421; x_wconf 85' lang='lat' dir='ltr'>juxta</span> <span class='ocrx_word' id='word_1_81' title='bbox 625 1340 797 1421; x_wconf 72' lang='lat' dir='ltr'>canonicae</span> <span class='ocrx_word' id='word_1_82' title='bbox 822 1338 1025 1413; x_wconf 81' lang='lat' dir='ltr'>sancciones3</span> <span class='ocrx_word' id='word_1_83' title='bbox 1056 1359 1182 1399; x_wconf 92' lang='lat' dir='ltr'>necnon</span> <span class='ocrx_word' id='word_1_84' title='bbox 1204 1337 1245 1399; x_wconf 91' lang='lat' dir='ltr'>ad</span> <span class='ocrx_word' id='word_1_85' title='bbox 1267 1357 1404 1421; x_wconf 86' lang='lat' dir='ltr'>cognos-</span> 
     </span>
     <span class='ocr_line' id='line_1_12' title="bbox 257 1434 1404 1516; baseline -0.003 -18"><span class='ocrx_word' id='word_1_86' title='bbox 257 1436 409 1511; x_wconf 90' lang='lat' dir='ltr'>cendum,</span> <span class='ocrx_word' id='word_1_87' title='bbox 433 1435 655 1512; x_wconf 83' lang='lat' dir='ltr'>statuendum,</span> <span class='ocrx_word' id='word_1_88' title='bbox 679 1434 917 1512; x_wconf 89' lang='lat' dir='ltr'>diffiniendum,</span> <span class='ocrx_word' id='word_1_89' title='bbox 943 1439 977 1496; x_wconf 89' lang='lat' dir='ltr'>et</span> <span class='ocrx_word' id='word_1_90' title='bbox 1000 1435 1281 1516; x_wconf 87' lang='lat' dir='ltr'>pronunciandum</span> <span class='ocrx_word' id='word_1_91' title='bbox 1308 1454 1404 1515; x_wconf 89' lang='lat' dir='ltr'>super</span> 
     </span>
     <span class='ocr_line' id='line_1_13' title="bbox 257 1530 1405 1613; baseline -0.002 -20"><span class='ocrx_word' id='word_1_92' title='bbox 257 1531 394 1613; x_wconf 86' lang='lat' dir='ltr'>objectis</span> <span class='ocrx_word' id='word_1_93' title='bbox 411 1550 469 1592; x_wconf 90' lang='lat' dir='ltr'>seu</span> <span class='ocrx_word' id='word_1_94' title='bbox 483 1530 685 1613; x_wconf 90' lang='lat' dir='ltr'>objiciendis,</span> <span class='ocrx_word' id='word_1_95' title='bbox 701 1531 729 1591; x_wconf 88' lang='lat' dir='ltr'>si</span> <span class='ocrx_word' id='word_1_96' title='bbox 744 1550 816 1612; x_wconf 83' lang='lat' dir='ltr'>quae</span> <span class='ocrx_word' id='word_1_97' title='bbox 831 1531 1024 1592; x_wconf 83' lang='lat' dir='ltr'>emerserint</span> <span class='ocrx_word' id='word_1_98' title='bbox 1033 1537 1145 1592; x_wconf 89' lang='lat' dir='ltr'>contra</span> <span class='ocrx_word' id='word_1_99' title='bbox 1152 1531 1283 1593; x_wconf 88' lang='lat' dir='ltr'>clericos</span> <span class='ocrx_word' id='word_1_100' title='bbox 1294 1550 1405 1612; x_wconf 90' lang='lat' dir='ltr'>supra·</span> 
     </span>
     <span class='ocr_line' id='line_1_14' title="bbox 257 1625 1405 1709; baseline -0.003 -19"><span class='ocrx_word' id='word_1_101' title='bbox 257 1627 374 1705; x_wconf 90' lang='lat' dir='ltr'>dictos,</span> <span class='ocrx_word' id='word_1_102' title='bbox 389 1647 426 1688; x_wconf 85' lang='lat' dir='ltr'>ae</span> <span class='ocrx_word' id='word_1_103' title='bbox 440 1627 579 1689; x_wconf 89' lang='lat' dir='ltr'>ulterius</span> <span class='ocrx_word' id='word_1_104' title='bbox 593 1627 633 1688; x_wconf 88' lang='lat' dir='ltr'>ad</span> <span class='ocrx_word' id='word_1_105' title='bbox 648 1625 834 1689; x_wconf 84' lang='lat' dir='ltr'>faciendum</span> <span class='ocrx_word' id='word_1_106' title='bbox 850 1633 885 1688; x_wconf 89' lang='lat' dir='ltr'>et</span> <span class='ocrx_word' id='word_1_107' title='bbox 900 1627 1115 1688; x_wconf 85' lang='lat' dir='ltr'>exercendum</span> <span class='ocrx_word' id='word_1_108' title='bbox 1124 1628 1158 1687; x_wconf 93' lang='lat' dir='ltr'>in</span> <span class='ocrx_word' id='word_1_109' title='bbox 1169 1627 1257 1688; x_wconf 86' lang='lat' dir='ltr'>dicto</span> <span class='ocrx_word' id='word_1_110' title='bbox 1271 1628 1405 1709; x_wconf 84' lang='lat' dir='ltr'>negocio</span> 
     </span>
     <span class='ocr_line' id='line_1_15' title="bbox 257 1722 1404 1806; baseline -0.002 -20"><span class='ocrx_word' id='word_1_111' title='bbox 257 1724 345 1806; x_wconf 93' lang='lat' dir='ltr'>quod</span> <span class='ocrx_word' id='word_1_112' title='bbox 364 1723 468 1806; x_wconf 90' lang='lat' dir='ltr'>ipsius</span> <span class='ocrx_word' id='word_1_113' title='bbox 488 1723 630 1805; x_wconf 74' lang='lat' dir='ltr'>qualitas</span> <span class='ocrx_word' id='word_1_114' title='bbox 651 1723 755 1805; x_wconf 86' lang='lat' dir='ltr'>exigit</span> <span class='ocrx_word' id='word_1_115' title='bbox 777 1727 811 1785; x_wconf 90' lang='lat' dir='ltr'>et</span> <span class='ocrx_word' id='word_1_116' title='bbox 832 1726 960 1799; x_wconf 90' lang='lat' dir='ltr'>natura,</span> <span class='ocrx_word' id='word_1_117' title='bbox 975 1723 1016 1785; x_wconf 93' lang='lat' dir='ltr'>de</span> <span class='ocrx_word' id='word_1_118' title='bbox 1032 1723 1267 1784; x_wconf 88' lang='lat' dir='ltr'>consuetudine</span> <span class='ocrx_word' id='word_1_119' title='bbox 1290 1722 1340 1783; x_wconf 91' lang='lat' dir='ltr'>vel</span> <span class='ocrx_word' id='word_1_120' title='bbox 1364 1722 1404 1784; x_wconf 91' lang='lat' dir='ltr'>de</span> 
     </span>
     <span class='ocr_line' id='line_1_16' title="bbox 253 1817 1405 1904; baseline -0.002 -22"><span class='ocrx_word' id='word_1_121' title='bbox 253 1819 349 1904; x_wconf 88' lang='lat' dir='ltr'>jure;</span> <span class='ocrx_word' id='word_1_122' title='bbox 371 1819 482 1897; x_wconf 89' lang='lat' dir='ltr'>Vobis,</span> <span class='ocrx_word' id='word_1_123' title='bbox 498 1819 539 1881; x_wconf 89' lang='lat' dir='ltr'>de</span> <span class='ocrx_word' id='word_1_124' title='bbox 553 1817 646 1901; x_wconf 84' lang='lat' dir='ltr'>cujus</span> <span class='ocrx_word' id='word_1_125' title='bbox 662 1817 820 1881; x_wconf 84' lang='lat' dir='ltr'>fidelitate</span> <span class='ocrx_word' id='word_1_126' title='bbox 835 1824 871 1881; x_wconf 89' lang='lat' dir='ltr'>et</span> <span class='ocrx_word' id='word_1_127' title='bbox 884 1819 1046 1881; x_wconf 89' lang='lat' dir='ltr'>industria</span> <span class='ocrx_word' id='word_1_128' title='bbox 1060 1818 1190 1901; x_wconf 88' lang='lat' dir='ltr'>plenam</span> <span class='ocrx_word' id='word_1_129' title='bbox 1213 1820 1249 1880; x_wconf 93' lang='lat' dir='ltr'>in</span> <span class='ocrx_word' id='word_1_130' title='bbox 1266 1818 1405 1881; x_wconf 91' lang='lat' dir='ltr'>Domino</span> 
     </span>
     <span class='ocr_line' id='line_1_17' title="bbox 258 1915 1407 1998; baseline -0.003 -20"><span class='ocrx_word' id='word_1_131' title='bbox 258 1915 414 1979; x_wconf 90' lang='lat' dir='ltr'>fiduciam</span> <span class='ocrx_word' id='word_1_132' title='bbox 434 1921 650 1998; x_wconf 81' lang='lat' dir='ltr'>reportamus,</span> <span class='ocrx_word' id='word_1_133' title='bbox 673 1915 761 1977; x_wconf 85' lang='lat' dir='ltr'>vices</span> <span class='ocrx_word' id='word_1_134' title='bbox 783 1920 909 1977; x_wconf 90' lang='lat' dir='ltr'>nostras</span> <span class='ocrx_word' id='word_1_135' title='bbox 939 1924 1051 1976; x_wconf 87' lang='lat' dir='ltr'>tenore</span> <span class='ocrx_word' id='word_1_136' title='bbox 1081 1917 1294 1996; x_wconf 84' lang='lat' dir='ltr'>praesencium</span> <span class='ocrx_word' id='word_1_137' title='bbox 1319 1934 1407 1975; x_wconf 91' lang='lat' dir='ltr'>com·</span> 
     </span>
     <span class='ocr_line' id='line_1_18' title="bbox 257 2008 1405 2095; baseline -0.003 -21"><span class='ocrx_word' id='word_1_138' title='bbox 257 2013 422 2075; x_wconf 89' lang='lat' dir='ltr'>mittimus</span> <span class='ocrx_word' id='word_1_139' title='bbox 445 2033 522 2074; x_wconf 89' lang='lat' dir='ltr'>cum</span> <span class='ocrx_word' id='word_1_140' title='bbox 546 2008 744 2095; x_wconf 86' lang='lat' dir='ltr'>cohercionis</span> <span class='ocrx_word' id='word_1_141' title='bbox 768 2012 931 2073; x_wconf 88' lang='lat' dir='ltr'>canonicae</span> <span class='ocrx_word' id='word_1_142' title='bbox 954 2016 1141 2093; x_wconf 90' lang='lat' dir='ltr'>potestate;</span> <span class='ocrx_word' id='word_1_143' title='bbox 1171 2011 1296 2092; x_wconf 85' lang='lat' dir='ltr'>proviso</span> <span class='ocrx_word' id='word_1_144' title='bbox 1319 2010 1405 2091; x_wconf 93' lang='lat' dir='ltr'>quod</span> 
     </span>
     <span class='ocr_line' id='line_1_19' title="bbox 258 2106 1406 2190; baseline -0.003 -19"><span class='ocrx_word' id='word_1_145' title='bbox 258 2128 317 2171; x_wconf 89' lang='lat' dir='ltr'>nos</span> <span class='ocrx_word' id='word_1_146' title='bbox 333 2108 374 2170; x_wconf 90' lang='lat' dir='ltr'>de</span> <span class='ocrx_word' id='word_1_147' title='bbox 389 2110 479 2170; x_wconf 93' lang='lat' dir='ltr'>omni</span> <span class='ocrx_word' id='word_1_148' title='bbox 495 2128 534 2170; x_wconf 92' lang='lat' dir='ltr'>eo</span> <span class='ocrx_word' id='word_1_149' title='bbox 548 2107 635 2190; x_wconf 93' lang='lat' dir='ltr'>quod</span> <span class='ocrx_word' id='word_1_150' title='bbox 652 2106 794 2169; x_wconf 79' lang='lat' dir='ltr'>feceritis</span> <span class='ocrx_word' id='word_1_151' title='bbox 808 2112 844 2168; x_wconf 92' lang='lat' dir='ltr'>et</span> <span class='ocrx_word' id='word_1_152' title='bbox 859 2107 1050 2169; x_wconf 89' lang='lat' dir='ltr'>inveneritis</span> <span class='ocrx_word' id='word_1_153' title='bbox 1065 2107 1099 2167; x_wconf 93' lang='lat' dir='ltr'>in</span> <span class='ocrx_word' id='word_1_154' title='bbox 1115 2108 1298 2187; x_wconf 74' lang='lat' dir='ltr'>praemissis,</span> <span class='ocrx_word' id='word_1_155' title='bbox 1314 2127 1350 2168; x_wconf 92' lang='lat' dir='ltr'>ac</span> <span class='ocrx_word' id='word_1_156' title='bbox 1365 2106 1406 2167; x_wconf 91' lang='lat' dir='ltr'>de</span> 
     </span>
     <span class='ocr_line' id='line_1_20' title="bbox 259 2199 1405 2285; baseline -0.003 -19"><span class='ocrx_word' id='word_1_157' title='bbox 259 2209 330 2266; x_wconf 87' lang='lat' dir='ltr'>toto</span> <span class='ocrx_word' id='word_1_158' title='bbox 352 2224 503 2285; x_wconf 88' lang='lat' dir='ltr'>processu</span> <span class='ocrx_word' id='word_1_159' title='bbox 520 2207 626 2264; x_wconf 90' lang='lat' dir='ltr'>vestro</span> <span class='ocrx_word' id='word_1_160' title='bbox 649 2203 685 2263; x_wconf 92' lang='lat' dir='ltr'>in</span> <span class='ocrx_word' id='word_1_161' title='bbox 709 2199 769 2264; x_wconf 88' lang='lat' dir='ltr'>hac</span> <span class='ocrx_word' id='word_1_162' title='bbox 790 2207 882 2283; x_wconf 88' lang='lat' dir='ltr'>parte</span> <span class='ocrx_word' id='word_1_163' title='bbox 904 2199 1063 2279; x_wconf 91' lang='lat' dir='ltr'>habendo,</span> <span class='ocrx_word' id='word_1_164' title='bbox 1085 2202 1237 2282; x_wconf 84' lang='lat' dir='ltr'>expedito</span> <span class='ocrx_word' id='word_1_165' title='bbox 1260 2203 1405 2285; x_wconf 85' lang='lat' dir='ltr'>negocio,</span> 
     </span>
     <span class='ocr_line' id='line_1_21' title="bbox 258 2295 1407 2380; baseline -0.002 -19"><span class='ocrx_word' id='word_1_166' title='bbox 258 2299 414 2361; x_wconf 86' lang='lat' dir='ltr'>distincte</span> <span class='ocrx_word' id='word_1_167' title='bbox 430 2305 464 2361; x_wconf 90' lang='lat' dir='ltr'>et</span> <span class='ocrx_word' id='word_1_168' title='bbox 478 2303 590 2380; x_wconf 90' lang='lat' dir='ltr'>aperte</span> <span class='ocrx_word' id='word_1_169' title='bbox 605 2297 792 2359; x_wconf 81' lang='lat' dir='ltr'>certificetis</span> <span class='ocrx_word' id='word_1_170' title='bbox 814 2297 916 2358; x_wconf 89' lang='lat' dir='ltr'>literis</span> <span class='ocrx_word' id='word_1_171' title='bbox 935 2298 1049 2359; x_wconf 88' lang='lat' dir='ltr'>vestris</span> <span class='ocrx_word' id='word_1_172' title='bbox 1071 2297 1269 2378; x_wconf 87' lang='lat' dir='ltr'>patentibus,</span> <span class='ocrx_word' id='word_1_173' title='bbox 1285 2295 1407 2359; x_wconf 91' lang='lat' dir='ltr'>haben·</span> 
     </span>
     <span class='ocr_line' id='line_1_22' title="bbox 259 2391 1406 2473; baseline -0.003 -18"><span class='ocrx_word' id='word_1_174' title='bbox 259 2393 349 2455; x_wconf 89' lang='lat' dir='ltr'>tibus</span> <span class='ocrx_word' id='word_1_175' title='bbox 372 2391 460 2454; x_wconf 92' lang='lat' dir='ltr'>hunc</span> <span class='ocrx_word' id='word_1_176' title='bbox 482 2398 641 2467; x_wconf 83' lang='lat' dir='ltr'>tenorem,</span> <span class='ocrx_word' id='word_1_177' title='bbox 659 2391 769 2452; x_wconf 83' lang='lat' dir='ltr'>literas</span> <span class='ocrx_word' id='word_1_178' title='bbox 794 2398 906 2452; x_wconf 88' lang='lat' dir='ltr'>autem</span> <span class='ocrx_word' id='word_1_179' title='bbox 928 2392 1150 2472; x_wconf 90' lang='lat' dir='ltr'>inquisicionis</span> <span class='ocrx_word' id='word_1_180' title='bbox 1173 2396 1208 2453; x_wconf 90' lang='lat' dir='ltr'>et</span> <span class='ocrx_word' id='word_1_181' title='bbox 1229 2393 1406 2473; x_wconf 87' lang='lat' dir='ltr'>proclama-</span> 
     </span>
     <span class='ocr_line' id='line_1_23' title="bbox 258 2485 1405 2566; baseline 0.001 -19"><span class='ocrx_word' id='word_1_182' title='bbox 258 2487 361 2548; x_wconf 90' lang='lat' dir='ltr'>cionis</span> <span class='ocrx_word' id='word_1_183' title='bbox 377 2506 473 2566; x_wconf 91' lang='lat' dir='ltr'>super</span> <span class='ocrx_word' id='word_1_184' title='bbox 487 2485 575 2546; x_wconf 88' lang='lat' dir='ltr'>fama</span> <span class='ocrx_word' id='word_1_185' title='bbox 589 2490 624 2546; x_wconf 91' lang='lat' dir='ltr'>et</span> <span class='ocrx_word' id='word_1_186' title='bbox 638 2485 789 2565; x_wconf 91' lang='lat' dir='ltr'>opinione</span> <span class='ocrx_word' id='word_1_187' title='bbox 805 2485 965 2546; x_wconf 90' lang='lat' dir='ltr'>dictorum</span> <span class='ocrx_word' id='word_1_188' title='bbox 980 2486 1168 2547; x_wconf 90' lang='lat' dir='ltr'>clericorum</span> <span class='ocrx_word' id='word_1_189' title='bbox 1190 2487 1231 2548; x_wconf 92' lang='lat' dir='ltr'>de</span> <span class='ocrx_word' id='word_1_190' title='bbox 1253 2488 1405 2548; x_wconf 88' lang='lat' dir='ltr'>mandato</span> 
     </span>
     <span class='ocr_line' id='line_1_24' title="bbox 257 2578 1406 2662; baseline 0 -19"><span class='ocrx_word' id='word_1_191' title='bbox 257 2580 358 2643; x_wconf 82' lang='lat' dir='ltr'>factas</span> <span class='ocrx_word' id='word_1_192' title='bbox 378 2586 499 2657; x_wconf 90' lang='lat' dir='ltr'>nostro,</span> <span class='ocrx_word' id='word_1_193' title='bbox 521 2599 601 2661; x_wconf 90' lang='lat' dir='ltr'>quas</span> <span class='ocrx_word' id='word_1_194' title='bbox 622 2578 711 2639; x_wconf 87' lang='lat' dir='ltr'>vobis</span> <span class='ocrx_word' id='word_1_195' title='bbox 733 2580 897 2641; x_wconf 87' lang='lat' dir='ltr'>mittimus</span> <span class='ocrx_word' id='word_1_196' title='bbox 919 2580 1147 2662; x_wconf 86' lang='lat' dir='ltr'>inspiciendas,</span> <span class='ocrx_word' id='word_1_197' title='bbox 1162 2580 1255 2642; x_wconf 89' lang='lat' dir='ltr'>nobis</span> <span class='ocrx_word' id='word_1_198' title='bbox 1270 2581 1406 2643; x_wconf 88' lang='lat' dir='ltr'>nichilo-</span> 
     </span>
     <span class='ocr_line' id='line_1_25' title="bbox 259 2671 1406 2759; baseline 0 -21"><span class='ocrx_word' id='word_1_199' title='bbox 259 2677 369 2738; x_wconf 93' lang='lat' dir='ltr'>minus</span> <span class='ocrx_word' id='word_1_200' title='bbox 395 2676 614 2737; x_wconf 84' lang='lat' dir='ltr'>remittentes.</span> <span class='ocrx_word' id='word_1_201' title='bbox 659 2671 735 2735; x_wconf 88' lang='lat' dir='ltr'>Dat.</span> <span class='ocrx_word' id='word_1_202' title='bbox 762 2673 857 2736; x_wconf 91' lang='lat' dir='ltr'>Ebor.</span> <span class='ocrx_word' id='word_1_203' title='bbox 884 2674 944 2736; x_wconf 91' lang='lat' dir='ltr'>sub</span> <span class='ocrx_word' id='word_1_204' title='bbox 969 2675 1075 2759; x_wconf 86' lang='lat' dir='ltr'>sigillo</span> <span class='ocrx_word' id='word_1_205' title='bbox 1100 2682 1209 2737; x_wconf 90' lang='lat' dir='ltr'>nostro</span> <span class='ocrx_word' id='word_1_206' title='bbox 1230 2677 1406 2758; x_wconf 85' lang='lat' dir='ltr'>pendente,</span> 
     </span>
     <span class='ocr_line' id='line_1_26' title="bbox 260 2768 1407 2852; baseline 0.001 -19"><span class='ocrx_word' id='word_1_207' title='bbox 260 2772 412 2834; x_wconf 85' lang='lat' dir='ltr'>vicesimo</span> <span class='ocrx_word' id='word_1_208' title='bbox 444 2769 516 2852; x_wconf 88' lang='lat' dir='ltr'>viij⁰</span> <span class='ocrx_word' id='word_1_209' title='bbox 545 2769 599 2831; x_wconf 89' lang='lat' dir='ltr'>die</span> <span class='ocrx_word' id='word_1_210' title='bbox 629 2769 751 2831; x_wconf 88' lang='lat' dir='ltr'>mensis</span> <span class='ocrx_word' id='word_1_211' title='bbox 784 2768 912 2848; x_wconf 85' lang='lat' dir='ltr'>Marcii,</span> <span class='ocrx_word' id='word_1_212' title='bbox 938 2771 1033 2833; x_wconf 84' lang='lat' dir='ltr'>Anno</span> <span class='ocrx_word' id='word_1_213' title='bbox 1056 2770 1189 2834; x_wconf 91' lang='lat' dir='ltr'>Domini</span> <span class='ocrx_word' id='word_1_214' title='bbox 1213 2779 1275 2835; x_wconf 89' lang='lat' dir='ltr'>etc.</span> <span class='ocrx_word' id='word_1_215' title='bbox 1306 2793 1407 2834; x_wconf 91' lang='lat' dir='ltr'>nona-</span> 
     </span>
     <span class='ocr_line' id='line_1_27' title="bbox 258 2866 481 2952; baseline -0.009 -22"><span class='ocrx_word' id='word_1_216' title='bbox 258 2868 384 2952; x_wconf 82' lang='lat' dir='ltr'>gesimo</span> <span class='ocrx_word' id='word_1_217' title='bbox 400 2866 481 2950; x_wconf 78' lang='lat' dir='ltr'>viij0.</span> 
     </span>
    </p>
   </div>
   <div class='ocr_carea' id='block_1_3' title="bbox 427 3079 1357 3174">
    <p class='ocr_par' dir='ltr' id='par_1_3' title="bbox 427 3079 1357 3174">
     <span class='ocr_line' id='line_1_28' title="bbox 427 3079 1357 3174; baseline 0.005 -4"><span class='ocrx_word' id='word_1_218' title='bbox 427 3115 619 3171; x_wconf 79' lang='lat' dir='ltr'>eaorsraa</span> <span class='ocrx_word' id='word_1_219' title='bbox 642 3117 691 3171; x_wconf 81' lang='lat' dir='ltr'>or</span> <span class='ocrx_word' id='word_1_220' title='bbox 714 3116 800 3173; x_wconf 76' lang='lat' dir='ltr'>aaa</span> <span class='ocrx_word' id='word_1_221' title='bbox 814 3117 958 3173; x_wconf 76' lang='lat' dir='ltr'>nowen.</span> <span class='ocrx_word' id='word_1_222' title='bbox 994 3133 1050 3173; x_wconf 63' lang='lat' dir='ltr'>nn.</span> <span class='ocrx_word' id='word_1_223' title='bbox 1068 3119 1235 3174; x_wconf 82' lang='lat'>1407-1423.</span> <span class='ocrx_word' id='word_1_224' title='bbox 1353 3079 1357 3086; x_wconf 38' lang='lat'>⁵</span> 
     </span>
    </p>
   </div>
   <div class='ocr_carea' id='block_1_4' title="bbox 86 3249 1408 3336">
    <p class='ocr_par' dir='ltr' id='par_1_4' title="bbox 86 3249 1408 3336">
     <span class='ocr_line' id='line_1_29' title="bbox 86 3249 1408 3336; baseline 0.001 -21"><span class='ocrx_word' id='word_1_225' title='bbox 86 3269 127 3330; x_wconf 79' lang='lat' dir='ltr'>(sl</span> <span class='ocrx_word' id='word_1_226' title='bbox 141 3267 176 3328; x_wconf 71' lang='lat' dir='ltr'>v.)</span> <span class='ocrx_word' id='word_1_227' title='bbox 327 3251 498 3326; x_wconf 90' lang='lat' dir='ltr'>Henricus,</span> <span class='ocrx_word' id='word_1_228' title='bbox 514 3255 576 3312; x_wconf 91' lang='lat' dir='ltr'>etc.</span> <span class='ocrx_word' id='word_1_229' title='bbox 592 3249 721 3312; x_wconf 89' lang='lat' dir='ltr'>dilectis</span> <span class='ocrx_word' id='word_1_230' title='bbox 737 3251 772 3313; x_wconf 91' lang='lat' dir='ltr'>in</span> <span class='ocrx_word' id='word_1_231' title='bbox 788 3249 916 3314; x_wconf 83' lang='lat' dir='ltr'>Christo</span> <span class='ocrx_word' id='word_1_232' title='bbox 932 3251 1008 3314; x_wconf 88' lang='lat' dir='ltr'>filiis</span> <span class='ocrx_word' id='word_1_233' title='bbox 1024 3253 1144 3314; x_wconf 88' lang='lat' dir='ltr'>decano</span> <span class='ocrx_word' id='word_1_234' title='bbox 1160 3257 1269 3315; x_wconf 91' lang='lat' dir='ltr'>nostro</span> <span class='ocrx_word' id='word_1_235' title='bbox 1279 3253 1408 3336; x_wconf 91' lang='lat' dir='ltr'>Ripon&#39;,</span> 
     </span>
    </p>
   </div>
   <div class='ocr_carea' id='block_1_5' title="bbox 85 3328 1408 3448">
    <p class='ocr_par' dir='ltr' id='par_1_5' title="bbox 85 3328 1408 3448">
     <span class='ocr_line' id='line_1_30' title="bbox 85 3328 1408 3448; baseline -0.001 -34"><span class='ocrx_word' id='word_1_236' title='bbox 85 3328 214 3448; x_wconf 46' lang='lat' dir='ltr'>fflffffa</span> <span class='ocrx_word' id='word_1_237' title='bbox 262 3368 387 3410; x_wconf 89' lang='lat' dir='ltr'>necnon</span> <span class='ocrx_word' id='word_1_238' title='bbox 410 3348 570 3409; x_wconf 87' lang='lat' dir='ltr'>universis</span> <span class='ocrx_word' id='word_1_239' title='bbox 593 3352 628 3409; x_wconf 91' lang='lat' dir='ltr'>et</span> <span class='ocrx_word' id='word_1_240' title='bbox 653 3348 790 3432; x_wconf 84' lang='lat' dir='ltr'>singulis</span> <span class='ocrx_word' id='word_1_241' title='bbox 812 3348 1003 3426; x_wconf 88' lang='lat' dir='ltr'>rectoribus,</span> <span class='ocrx_word' id='word_1_242' title='bbox 1017 3350 1155 3429; x_wconf 89' lang='lat' dir='ltr'>vicariis,</span> <span class='ocrx_word' id='word_1_243' title='bbox 1178 3354 1212 3412; x_wconf 93' lang='lat' dir='ltr'>et</span> <span class='ocrx_word' id='word_1_244' title='bbox 1233 3350 1408 3432; x_wconf 88' lang='lat' dir='ltr'>capellanis</span> 
     </span>
    </p>
   </div>
   <div class='ocr_carea' id='block_1_6' title="bbox 86 3441 1408 3630">
    <p class='ocr_par' dir='ltr' id='par_1_6' title="bbox 86 3441 1408 3630">
     <span class='ocr_line' id='line_1_31' title="bbox 86 3441 1408 3526; baseline 0.003 -20"><span class='ocrx_word' id='word_1_245' title='bbox 86 3472 189 3516; x_wconf 48' lang='lat' dir='ltr'>monia,</span> <span class='ocrx_word' id='word_1_246' title='bbox 262 3441 497 3526; x_wconf 85' lang='lat' dir='ltr'>parochialibus</span> <span class='ocrx_word' id='word_1_247' title='bbox 523 3444 558 3504; x_wconf 95' lang='lat' dir='ltr'>in</span> <span class='ocrx_word' id='word_1_248' title='bbox 581 3448 616 3504; x_wconf 94' lang='lat' dir='ltr'>et</span> <span class='ocrx_word' id='word_1_249' title='bbox 642 3464 701 3524; x_wconf 89' lang='lat' dir='ltr'>per</span> <span class='ocrx_word' id='word_1_250' title='bbox 722 3444 848 3506; x_wconf 91' lang='lat' dir='ltr'>dictum</span> <span class='ocrx_word' id='word_1_251' title='bbox 872 3444 1067 3508; x_wconf 86' lang='lat' dir='ltr'>decanatum</span> <span class='ocrx_word' id='word_1_252' title='bbox 1090 3452 1238 3508; x_wconf 90' lang='lat' dir='ltr'>nostrum</span> <span class='ocrx_word' id='word_1_253' title='bbox 1267 3447 1408 3510; x_wconf 91' lang='lat' dir='ltr'>ubilibet</span> 
     </span>
     <span class='ocr_line' id='line_1_32' title="bbox 87 3536 1408 3630; baseline 0.007 -33"><span class='ocrx_word' id='word_1_254' title='bbox 87 3536 239 3630; x_wconf 50' lang='lat' dir='ltr'>52¹2me</span> <span class='ocrx_word' id='word_1_255' title='bbox 262 3538 488 3615; x_wconf 82' lang='lat' dir='ltr'>existentibus,</span> <span class='ocrx_word' id='word_1_256' title='bbox 520 3537 669 3613; x_wconf 89' lang='lat' dir='ltr'>salutem,</span> <span class='ocrx_word' id='word_1_257' title='bbox 699 3540 851 3620; x_wconf 86' lang='lat' dir='ltr'>graciam,</span> <span class='ocrx_word' id='word_1_258' title='bbox 882 3545 916 3600; x_wconf 89' lang='lat' dir='ltr'>et</span> <span class='ocrx_word' id='word_1_259' title='bbox 945 3540 1216 3604; x_wconf 89' lang='lat' dir='ltr'>benediccionem.</span> <span class='ocrx_word' id='word_1_260' title='bbox 1270 3542 1408 3606; x_wconf 88' lang='lat' dir='ltr'>Provida</span> 
     </span>
    </p>
   </div>
   <div class='ocr_carea' id='block_1_7' title="bbox 86 3602 1408 3810">
    <p class='ocr_par' dir='ltr' id='par_1_7' title="bbox 86 3602 1408 3810">
     <span class='ocr_line' id='line_1_33' title="bbox 86 3602 1407 3745; baseline 0.005 -50"><span class='ocrx_word' id='word_1_261' title='bbox 86 3602 200 3745; x_wconf 29' lang='grc' dir='ltr'>(ξονς-αἴρει</span> <span class='ocrx_word' id='word_1_262' title='bbox 263 3634 485 3694; x_wconf 88' lang='lat' dir='ltr'>moderacione</span> <span class='ocrx_word' id='word_1_263' title='bbox 500 3633 700 3713; x_wconf 87' lang='lat' dir='ltr'>digestarum</span> <span class='ocrx_word' id='word_1_264' title='bbox 717 3653 876 3695; x_wconf 82' lang='lat' dir='ltr'>sacrarum</span> <span class='ocrx_word' id='word_1_265' title='bbox 892 3634 1106 3698; x_wconf 89' lang='lat' dir='ltr'>tradicionum</span> <span class='ocrx_word' id='word_1_266' title='bbox 1122 3637 1224 3700; x_wconf 85' lang='lat' dir='ltr'>dictat</span> <span class='ocrx_word' id='word_1_267' title='bbox 1234 3641 1407 3702; x_wconf 88' lang='lat' dir='ltr'>auctoritas</span> 
     </span>
     <span class='ocr_line' id='line_1_34' title="bbox 86 3707 1408 3810; baseline 0.006 -21"><span class='ocrx_word' id='word_1_268' title='bbox 86 3707 219 3804; x_wconf 42' lang='lat' dir='ltr'>,mix-251⁸,</span> <span class='ocrx_word' id='word_1_269' title='bbox 263 3728 303 3788; x_wconf 93' lang='lat' dir='ltr'>ab</span> <span class='ocrx_word' id='word_1_270' title='bbox 320 3728 396 3788; x_wconf 91' lang='lat' dir='ltr'>olim</span> <span class='ocrx_word' id='word_1_271' title='bbox 413 3728 542 3807; x_wconf 90' lang='lat' dir='ltr'>puplice</span> <span class='ocrx_word' id='word_1_272' title='bbox 558 3727 771 3809; x_wconf 85' lang='lat' dir='ltr'>promulgata,</span> <span class='ocrx_word' id='word_1_273' title='bbox 787 3734 886 3810; x_wconf 90' lang='lat' dir='ltr'>atque</span> <span class='ocrx_word' id='word_1_274' title='bbox 901 3731 1191 3794; x_wconf 87' lang='lat' dir='ltr'>constitucionibus</span> <span class='ocrx_word' id='word_1_275' title='bbox 1213 3734 1408 3797; x_wconf 89' lang='lat' dir='ltr'>sinodalibus</span> 
     </span>
    </p>
   </div>
   <div class='ocr_carea' id='block_1_8' title="bbox 86 3817 1408 3920">
    <p class='ocr_par' dir='ltr' id='par_1_8' title="bbox 86 3817 1408 3920">
     <span class='ocr_line' id='line_1_35' title="bbox 86 3817 1408 3920; baseline 0.014 -45"><span class='ocrx_word' id='word_1_276' title='bbox 86 3817 224 3920; x_wconf 48' lang='lat' dir='ltr'>gimel*</span> <span class='ocrx_word' id='word_1_277' title='bbox 264 3823 406 3883; x_wconf 72' lang='lat' dir='ltr'>ecclesiae</span> <span class='ocrx_word' id='word_1_278' title='bbox 421 3827 538 3883; x_wconf 85' lang='lat' dir='ltr'>noetrae</span> <span class='ocrx_word' id='word_1_279' title='bbox 560 3820 752 3883; x_wconf 89' lang='lat' dir='ltr'>cathedralis</span> <span class='ocrx_word' id='word_1_280' title='bbox 769 3823 863 3885; x_wconf 90' lang='lat' dir='ltr'>Beati</span> <span class='ocrx_word' id='word_1_281' title='bbox 878 3822 968 3887; x_wconf 90' lang='lat' dir='ltr'>Petri</span> <span class='ocrx_word' id='word_1_282' title='bbox 985 3825 1079 3888; x_wconf 90' lang='lat' dir='ltr'>Ebor.</span> <span class='ocrx_word' id='word_1_283' title='bbox 1096 3848 1244 3909; x_wconf 82' lang='lat' dir='ltr'>expresse</span> <span class='ocrx_word' id='word_1_284' title='bbox 1266 3837 1408 3909; x_wconf 90' lang='lat' dir='ltr'>cavetur,</span> 
     </span>
    </p>
   </div>
   <div class='ocr_carea' id='block_1_9' title="bbox 86 3892 1409 4104">
    <p class='ocr_par' dir='ltr' id='par_1_9' title="bbox 86 3892 1409 4104">
     <span class='ocr_line' id='line_1_36' title="bbox 86 3892 1408 4000; baseline 0.008 -23"><span class='ocrx_word' id='word_1_285' title='bbox 86 3892 160 3992; x_wconf 56' lang='lat' dir='ltr'>effla</span> <span class='ocrx_word' id='word_1_286' title='bbox 264 3919 429 3979; x_wconf 89' lang='lat' dir='ltr'>universos</span> <span class='ocrx_word' id='word_1_287' title='bbox 444 3923 478 3979; x_wconf 91' lang='lat' dir='ltr'>et</span> <span class='ocrx_word' id='word_1_288' title='bbox 494 3917 638 4000; x_wconf 86' lang='lat' dir='ltr'>singulos</span> <span class='ocrx_word' id='word_1_289' title='bbox 653 3919 709 3999; x_wconf 95' lang='lat' dir='ltr'>qui</span> <span class='ocrx_word' id='word_1_290' title='bbox 725 3939 808 3981; x_wconf 91' lang='lat' dir='ltr'>ausu</span> <span class='ocrx_word' id='word_1_291' title='bbox 823 3922 994 3984; x_wconf 87' lang='lat' dir='ltr'>temerario</span> <span class='ocrx_word' id='word_1_292' title='bbox 1009 3922 1104 3984; x_wconf 82' lang='lat' dir='ltr'>dictae</span> <span class='ocrx_word' id='word_1_293' title='bbox 1127 3931 1244 3987; x_wconf 68' lang='lat' dir='ltr'>nostrae</span> <span class='ocrx_word' id='word_1_294' title='bbox 1266 3925 1408 3988; x_wconf 68' lang='lat' dir='ltr'>ecclesiae</span> 
     </span>
     <span class='ocr_line' id='line_1_37' title="bbox 88 4013 1409 4104; baseline 0.007 -30"><span class='ocrx_word' id='word_1_295' title='bbox 88 4014 113 4060; x_wconf 82' lang='lat' dir='ltr'>lt</span> <span class='ocrx_word' id='word_1_296' title='bbox 122 4016 141 4061; x_wconf 67' lang='lat'>³⁸</span> <span class='ocrx_word' id='word_1_297' title='bbox 151 4017 197 4060; x_wconf 83' lang='lat' dir='ltr'>for·</span> <span class='ocrx_word' id='word_1_298' title='bbox 263 4014 429 4075; x_wconf 89' lang='lat' dir='ltr'>libertates</span> <span class='ocrx_word' id='word_1_299' title='bbox 445 4013 563 4075; x_wconf 86' lang='lat' dir='ltr'>violare</span> <span class='ocrx_word' id='word_1_300' title='bbox 578 4018 637 4075; x_wconf 89' lang='lat' dir='ltr'>aut</span> <span class='ocrx_word' id='word_1_301' title='bbox 651 4014 841 4097; x_wconf 81' lang='lat' dir='ltr'>intringere,</span> <span class='ocrx_word' id='word_1_302' title='bbox 853 4015 904 4077; x_wconf 91' lang='lat' dir='ltr'>vel</span> <span class='ocrx_word' id='word_1_303' title='bbox 914 4017 1015 4079; x_wconf 89' lang='lat' dir='ltr'>eciam</span> <span class='ocrx_word' id='word_1_304' title='bbox 1025 4024 1138 4097; x_wconf 86' lang='lat' dir='ltr'>cartas,</span> <span class='ocrx_word' id='word_1_305' title='bbox 1148 4018 1270 4099; x_wconf 86' lang='lat' dir='ltr'>literas,</span> <span class='ocrx_word' id='word_1_306' title='bbox 1281 4023 1409 4104; x_wconf 87' lang='lat' dir='ltr'>scripta,</span> 
     </span>
    </p>
   </div>
   <div class='ocr_carea' id='block_1_10' title="bbox 86 4073 1409 4199">
    <p class='ocr_par' dir='ltr' id='par_1_10' title="bbox 86 4073 1409 4199">
     <span class='ocr_line' id='line_1_38' title="bbox 86 4073 1409 4199; baseline 0.008 -30"><span class='ocrx_word' id='word_1_307' title='bbox 86 4073 241 4190; x_wconf 55' lang='lat' dir='ltr'>ppppgqetpm</span> <span class='ocrx_word' id='word_1_308' title='bbox 265 4111 479 4185; x_wconf 88' lang='lat' dir='ltr'>munimenta,</span> <span class='ocrx_word' id='word_1_309' title='bbox 495 4109 627 4187; x_wconf 90' lang='lat' dir='ltr'>rotulos,</span> <span class='ocrx_word' id='word_1_310' title='bbox 641 4131 698 4172; x_wconf 92' lang='lat' dir='ltr'>seu</span> <span class='ocrx_word' id='word_1_311' title='bbox 713 4131 932 4192; x_wconf 88' lang='lat' dir='ltr'>quascumque</span> <span class='ocrx_word' id='word_1_312' title='bbox 948 4114 1140 4192; x_wconf 90' lang='lat' dir='ltr'>evidencias,</span> <span class='ocrx_word' id='word_1_313' title='bbox 1151 4115 1237 4196; x_wconf 88' lang='lat' dir='ltr'>jura,</span> <span class='ocrx_word' id='word_1_314' title='bbox 1248 4117 1300 4179; x_wconf 87' lang='lat' dir='ltr'>vel</span> <span class='ocrx_word' id='word_1_315' title='bbox 1310 4119 1409 4199; x_wconf 88' lang='lat' dir='ltr'>privi-</span> 
     </span>
    </p>
   </div>
   <div class='ocr_carea' id='block_1_11' title="bbox 87 4188 1409 4295">
    <p class='ocr_par' dir='ltr' id='par_1_11' title="bbox 87 4188 1409 4295">
     <span class='ocr_line' id='line_1_39' title="bbox 87 4188 1409 4295; baseline 0.012 -35"><span class='ocrx_word' id='word_1_316' title='bbox 87 4188 230 4295; x_wconf 52' lang='lat' dir='ltr'>Liabr‘rfssiffffffl</span> <span class='ocrx_word' id='word_1_317' title='bbox 266 4206 351 4290; x_wconf 87' lang='lat' dir='ltr'>legia</span> <span class='ocrx_word' id='word_1_318' title='bbox 365 4205 511 4286; x_wconf 91' lang='lat' dir='ltr'>ejusdem</span> <span class='ocrx_word' id='word_1_319' title='bbox 527 4208 749 4288; x_wconf 91' lang='lat' dir='ltr'>quoquomodo</span> <span class='ocrx_word' id='word_1_320' title='bbox 771 4209 999 4270; x_wconf 89' lang='lat' dir='ltr'>concemencia</span> <span class='ocrx_word' id='word_1_321' title='bbox 1022 4209 1222 4289; x_wconf 89' lang='lat' dir='ltr'>subtrahere,</span> <span class='ocrx_word' id='word_1_322' title='bbox 1237 4219 1409 4295; x_wconf 87' lang='lat' dir='ltr'>asportare,</span> 
     </span>
    </p>
   </div>
   <div class='ocr_carea' id='block_1_12' title="bbox 84 4296 1408 4485">
    <p class='ocr_par' dir='ltr' id='par_1_12' title="bbox 84 4296 1408 4485">
     <span class='ocr_line' id='line_1_40' title="bbox 84 4296 1406 4407; baseline 0.017 -58"><span class='ocrx_word' id='word_1_323' title='bbox 84 4296 201 4407; x_wconf 56' lang='lat' dir='ltr'>{pulsa</span> <span class='ocrx_word' id='word_1_324' title='bbox 265 4306 475 4377; x_wconf 88' lang='lat' dir='ltr'>contrectare,</span> <span class='ocrx_word' id='word_1_325' title='bbox 492 4321 548 4363; x_wconf 89' lang='lat' dir='ltr'>seu</span> <span class='ocrx_word' id='word_1_326' title='bbox 571 4302 718 4366; x_wconf 90' lang='lat' dir='ltr'>detinere</span> <span class='ocrx_word' id='word_1_327' title='bbox 740 4311 857 4387; x_wconf 87' lang='lat' dir='ltr'>praeter</span> <span class='ocrx_word' id='word_1_328' title='bbox 872 4310 907 4367; x_wconf 88' lang='lat' dir='ltr'>et</span> <span class='ocrx_word' id='word_1_329' title='bbox 921 4311 1034 4368; x_wconf 90' lang='lat' dir='ltr'>contra</span> <span class='ocrx_word' id='word_1_330' title='bbox 1048 4306 1249 4370; x_wconf 88' lang='lat' dir='ltr'>voluntatem</span> <span class='ocrx_word' id='word_1_331' title='bbox 1264 4316 1322 4370; x_wconf 89' lang='lat' dir='ltr'>aut</span> <span class='ocrx_word' id='word_1_332' title='bbox 1336 4329 1406 4391; x_wconf 93' lang='lat' dir='ltr'>per·</span> 
     </span>
     <span class='ocr_line' id='line_1_41' title="bbox 112 4369 1408 4485; baseline 0.013 -34"><span class='ocrx_word' id='word_1_333' title='bbox 112 4369 221 4420; x_wconf 44' lang='lat'>0³¹⁸*</span> <span class='ocrx_word' id='word_1_334' title='bbox 264 4400 450 4461; x_wconf 90' lang='lat' dir='ltr'>missionem</span> <span class='ocrx_word' id='word_1_335' title='bbox 460 4398 660 4460; x_wconf 89' lang='lat' dir='ltr'>nostramvel</span> <span class='ocrx_word' id='word_1_336' title='bbox 669 4401 839 4463; x_wconf 90' lang='lat' dir='ltr'>custodum</span> <span class='ocrx_word' id='word_1_337' title='bbox 849 4401 1025 4464; x_wconf 89' lang='lat' dir='ltr'>eorundem</span> <span class='ocrx_word' id='word_1_338' title='bbox 1034 4423 1092 4484; x_wconf 93' lang='lat' dir='ltr'>per</span> <span class='ocrx_word' id='word_1_339' title='bbox 1101 4423 1159 4465; x_wconf 94' lang='lat' dir='ltr'>nos</span> <span class='ocrx_word' id='word_1_340' title='bbox 1168 4404 1408 4485; x_wconf 87' lang='lat' dir='ltr'>deputatorum,</span> 
     </span>
    </p>
   </div>
   <div class='ocr_carea' id='block_1_13' title="bbox 0 0 1500 5010">
    <p class='ocr_par' dir='ltr' id='par_1_13' title="bbox 0 0 1500 5010">
     <span class='ocr_line' id='line_1_42' title="bbox 0 0 1500 5010; baseline 0 0"><span class='ocrx_word' id='word_1_341' title='bbox 0 0 1500 5010; x_wconf 95' lang='lat' dir='ltr'> </span> 
     </span>
    </p>
   </div>
  </div>
 </body>
</html>
