2992 5010
607 316 816 368 Muuonlaus
840 316 885 367 OF
912 315 1031 367 luroa'.

247 483 288 545 ad
313 482 550 545 ostendendum
574 483 685 545 literas
707 483 858 547 ordinum
882 503 1024 562 suorum,
1044 502 1124 565 quos
1148 482 1284 565 requirit
1308 482 1394 546 diota

248 577 431 661 praebenda,
446 598 552 641 coram
574 578 667 640 nobis
684 578 806 660 pluries
819 578 957 640 fecimus
978 578 1128 661 legitime
1143 581 1278 658 evocari,
1293 600 1396 641 nuno-

249 692 347 755 quam
362 680 474 737 tamen
488 671 676 756 hujusmodi
691 673 802 736 literas
817 673 904 735 idem
920 673 1071 735 dominus
1087 671 1226 736 Thomas
1241 674 1395 750 ostendit,

249 788 310 831 nec
324 768 441 851 aliquis
457 789 515 831 suo
529 770 661 831 nomine
676 767 879 836 ostendebat.
918 767 1072 843 Quocirca
1087 767 1176 831 vobis
1192 768 1395 845 mandamus,

248 861 387 926 firmiter
408 862 631 947 injungentes,
652 862 807 945 quatinus
829 862 956 926 dictum
977 862 1146 925 dominum
1168 861 1327 925 Thomam
1353 863 1395 925 de

249 957 421 1037 Sabaudia,
437 960 464 1021 si
485 959 682 1035 inveniatur,
697 957 761 1035 vel,
775 959 846 1039 ipso
860 958 1006 1035 absente,
1021 964 1258 1040 procuratorem
1280 957 1352 1040 ejus
1368 958 1396 1020 si

249 1073 348 1136 quem
370 1054 540 1130 dimiserit,
563 1052 719 1135 alioquin,
733 1054 768 1115 in
791 1053 926 1116 ecclesia
948 1059 1058 1115 nostra
1079 1053 1233 1134 praedicta
1254 1053 1396 1116 eundem

250 1148 421 1211 dominum
436 1147 595 1210 Thomam
610 1153 645 1211 et
666 1147 745 1211 alibi
759 1167 867 1211 coram
881 1148 969 1210 notis
983 1155 1018 1210 et
1032 1149 1145 1211 amicis
1160 1149 1227 1210 suis
1249 1148 1395 1232 legitime

251 1244 411 1305 moneatis
426 1263 484 1306 seu
506 1242 630 1305 moneri
644 1241 769 1306 faciatis
792 1242 946 1305 informa
962 1242 1057 1325 juris,
1073 1244 1158 1324 quod
1180 1244 1261 1306 citra
1276 1243 1396 1306 festum

133 1392 136 1396 .
250 1338 443 1401 Natiuitatis
458 1336 569 1401 Sancti
584 1335 743 1400 Johannis
765 1337 922 1420 Baptistae
936 1357 1024 1419 prox.
1039 1337 1199 1414 futurum,
1214 1338 1254 1400 ad
1270 1338 1397 1400 ordines

76 1450 182 1499 nauto
252 1451 332 1516 quos
358 1433 495 1513 requirit
520 1432 608 1495 dicta
630 1432 801 1515 praebenda
823 1452 857 1495 se
874 1431 973 1494 faciat
995 1452 1052 1494 seu
1073 1437 1223 1514 procuret
1244 1432 1396 1494 canonice

76 1509 195 1615 ζῶα
251 1526 431 1610 promoveri
458 1526 519 1590 sub
542 1547 638 1609 poena
657 1526 742 1609 juris
768 1533 803 1590 et
826 1525 979 1605 hominis,
1003 1548 1101 1609 quam
1124 1527 1277 1590 videlicet
1295 1526 1398 1608 judex

77 1624 175 1672 tm·
253 1642 330 1686 suus
345 1621 524 1685 ordinarius
533 1621 632 1705 juxta
638 1621 723 1705 juris
732 1621 933 1706 exigenoiam
947 1623 1053 1685 eidem
1063 1623 1194 1685 domiuo
1205 1620 1335 1685 Tbomae
1347 1623 1399 1684 in-

77 1683 228 1789 &m
252 1716 365 1803 digere
373 1714 608 1799 poteritinhoc
616 1738 702 1781 casu
723 1718 768 1780 Et
776 1718 805 1781 si
813 1717 1164 1801 forsitauprivilegium
1172 1714 1397 1799 habeatquare

78 1800 203 1861 PM*
252 1815 295 1878 ad
317 1810 450 1899 dictas(
475 1812 482 1827 '
501 1812 657 1899 >ordines
680 1834 715 1877 se
728 1814 909 1896 promoveri
929 1813 1064 1876 interim
1079 1832 1247 1896 procurare
1262 1813 1398 1876 minime

253 1913 416 1987 teneatur,
431 1909 557 1972 dictum
572 1907 743 1972 dominum
757 1906 963 1986 Thomam,si
977 1907 1189 1990 personaliter
1202 1908 1398 1986 inveniatur,

252 2004 306 2067 rel
326 2003 398 2086 ipso
418 2003 553 2067 absente
575 2002 723 2086 ejusdem
744 2008 981 2085 procuratorem
1000 2005 1029 2066 si
1057 2022 1157 2086 quem
1176 2003 1337 2065 dimiserit
1362 2003 1398 2064 in

79 2120 213 2169 oum
253 2096 314 2161 hac
336 2102 438 2181 parte,
460 2097 616 2180 alioquin,
639 2098 781 2162 eundem
802 2099 972 2162 dominum
993 2096 1151 2161 Thomam
1174 2099 1305 2181 puplice
1327 2118 1399 2180 pro-

79 2178 218 2298 ἓξὲξ
253 2193 360 2277 posite
381 2195 607 2276 peremptoriae
629 2193 797 2257 citaciouis
819 2192 937 2271 edicto,
952 2194 1061 2256 citetis
1084 2213 1142 2257 seu
1164 2193 1258 2256 citari
1272 2191 1399 2255 faciatis

78 2295 232 2343 Mercurio
253 2289 289 2351 in
316 2288 450 2351 ecclesia
475 2294 586 2351 nostra
612 2287 738 2371 Rypon’
764 2294 799 2352 et
823 2289 896 2352 aliis
922 2288 999 2352 locis
1022 2288 1189 2370 oportunis
1218 2286 1399 2369 dequibus

80 2354 203 2473 {¹351ss
253 2382 329 2465 plus
343 2382 506 2445 videbitur
528 2382 691 2465 expedire,
705 2403 812 2448 coram
836 2385 925 2447 notis
947 2388 983 2447 et
1007 2384 1121 2447 amicis
1143 2385 1222 2462 suis,
1243 2384 1291 2445 ita
1313 2383 1401 2465 quod

252 2477 475 2563 ignoranciam
496 2477 698 2559 praetendere
721 2498 788 2541 nou
814 2479 923 2542 valeat
945 2479 981 2541 in
1006 2474 1068 2542 boc
1091 2500 1179 2556 casu,
1205 2478 1290 2560 quod
1313 2496 1400 2540 com-

252 2580 367 2656 pareat
381 2592 488 2634 coram
501 2572 594 2636 nobis
608 2573 660 2636 vel
675 2574 904 2636 commissariis
919 2575 1048 2650 nostris,
1061 2594 1126 2636 uno
1135 2574 1186 2637 vel
1195 2573 1353 2656 pluribus,
1363 2573 1399 2634 in

253 2667 389 2731 ecclesia
412 2667 523 2731 Sancti
544 2667 688 2730 Wilfridi
711 2669 806 2731 Ebor.
821 2672 937 2753 quarto
951 2669 1005 2732 die
1023 2667 1164 2751 juridico
1185 2672 1259 2751 post
1278 2667 1399 2730 festum

255 2762 367 2827 Sancti
397 2760 554 2844 Botulphi
579 2763 706 2826 abbatis
731 2765 769 2826 in
791 2768 905 2827 aestate
931 2783 1018 2846 prox.
1042 2763 1163 2842 futuro,
1189 2764 1399 2846 privilegium

253 2855 452 2939 hujusmodi,
464 2862 499 2920 et
514 2859 669 2941 quioquid
683 2880 741 2941 pro
755 2878 789 2923 se
803 2858 956 2923 babuerit
970 2860 1006 2921 in
1017 2856 1078 2921 hac
1086 2863 1190 2940 parte,
1200 2862 1399 2933 ostensurus,

254 2953 485 3035 propositurus,
500 2950 714 3032 exhibiturus,
729 2953 884 3033 facturus,
899 2958 934 3017 et
955 2959 1154 3035 recepturus,
1177 2953 1262 3034 quod
1285 2972 1400 3014 secun-

254 3047 334 3109 dum
349 3049 586 3129 praemissorum
606 3048 800 3131 qualitatem
815 3054 850 3113 et
871 3054 1022 3111 naturam
1037 3047 1199 3111 canonicis
1213 3048 1401 3111 convenerit

253 3142 417 3205 institutis
440 3149 474 3205 et
493 3143 629 3226 justicia
652 3144 822 3219 suadebit3
852 3145 1030 3208 terminum
1056 3164 1131 3206 vero
1153 3142 1343 3226 praedictum
1366 3147 1401 3205 et

255 3235 403 3321 ejusdem
427 3240 626 3321 praeceptorii
651 3241 916 3321 assignacionem,
941 3259 982 3303 ne
1006 3238 1178 3303 laudabilis
1200 3236 1402 3301 consuetudo

255 3333 350 3395 dictae
366 3333 508 3396 ecclesiae
522 3340 640 3396 nostrae
656 3334 801 3398 indebite
817 3335 956 3398 violetur
970 3340 1030 3398 aut
1051 3334 1188 3398 minime
1202 3333 1401 3411 observetur,

256 3433 291 3488 et
313 3428 354 3489 ad
378 3427 590 3489 avitacionem
612 3430 748 3510 periculi
770 3431 887 3492 animae
902 3429 1053 3512 ejusdem
1073 3430 1197 3494 domini
1219 3429 1352 3492 Thomae
1367 3433 1403 3492 et

255 3522 405 3598 aliorum,
430 3542 557 3583 necnon
581 3522 622 3583 ad
647 3524 883 3587 excludendum
914 3525 1102 3587 scandalum
1132 3524 1284 3602 ecclesiae,
1314 3523 1402 3605 quod

256 3616 351 3677 aliter
376 3623 485 3697 posset
511 3616 729 3679 verisimiliter
758 3619 940 3695 imminere,
966 3623 1002 3681 et
1030 3622 1162 3700 propter
1186 3618 1266 3679 alias
1290 3637 1403 3679 causas

257 3710 423 3792 legitimas
446 3711 480 3769 in
497 3715 617 3772 eventu
632 3711 659 3772 si
682 3730 811 3774 necesse
826 3711 926 3775 fuerit
948 3710 1167 3788 declarandas,
1190 3712 1234 3772 sic
1249 3709 1402 3774 duximus

257 3803 500 3866 moderandum.
545 3804 594 3866 De
609 3804 662 3867 die
677 3825 752 3867 vero
765 3807 959 3889 recepcionis
978 3807 1192 3888 praesencium
1207 3808 1241 3868 et
1256 3807 1403 3868 omnium

258 3918 297 3960 eo
319 3900 404 3979 quod
434 3898 574 3961 feceritis
599 3901 635 3961 in
657 3900 840 3981 praemissis,
866 3923 935 3980 nos,
959 3906 1018 3965 aut
1043 3899 1147 3963 dictos
1169 3901 1405 3964 commissarios

258 4000 395 4070 nostros,
404 3998 463 4056 aut
472 3995 738 4073 commissarium,
748 4016 852 4059 unum
862 3998 915 4059 vel
929 3997 1048 4080 plures,
1058 3996 1139 4059 citra
1148 3997 1274 4060 dictum
1283 3995 1405 4061 festum

260 4088 371 4149 Sancti
401 4086 558 4170 Botulphi
587 4090 716 4170 plenius
745 4091 930 4154 certificetis
961 4093 1114 4156 distincte
1143 4095 1178 4154 et
1207 4097 1318 4174 aperte
1348 4113 1406 4175 per

261 4181 382 4244 vestras
409 4183 519 4245 literas
544 4188 707 4265 patentes,
728 4183 846 4248 harum
871 4189 987 4251 seriem
1007 4188 1223 4250 continentes.
1279 4187 1405 4251 Valete.

261 4276 336 4339 Dat.
367 4279 453 4359 apud
485 4276 628 4356 Cawode,
659 4300 701 4341 xv
730 4281 805 4344 Kal.
836 4282 932 4346 Febr.
963 4284 1057 4346 Anno
1087 4284 1202 4369 graciae
1232 4282 1406 4346 millesimo

261 4377 350 4435 cccml
363 4372 516 4436 vicesimo
531 4378 654 4453 octavo,
670 4382 704 4438 et
718 4381 809 4459 pont.
825 4380 929 4441 nostri
943 4379 1143 4442 duodecimo.
