2992 5010
200 327 375 381 sxralcrs
400 329 498 382 raon
524 329 621 382 roan
647 328 858 396 assarna&
892 329 1103 383 consumor.
1351 312 1397 383 33

141 494 295 575 Thomas,
310 496 373 559 Dei
387 498 506 580 gracia,
521 502 584 560 etc.
599 497 720 560 dilecto
734 498 770 559 in
785 495 914 561 Christo
936 497 1003 560 filio
1017 498 1158 560 Patricio
1181 497 1223 560 de
1248 507 1290 568 (91
1298 508 1333 567 ο.)

73 591 270 668 Brafferton‚
286 592 437 670 salutem,
451 594 603 676 graciam,
619 598 654 655 et
675 593 949 655 benediccionem.
994 594 1042 656 De
1063 598 1122 656 tua
1144 592 1223 655 fide·
1248 566 1378 673 ἃῗᾷἕι·

74 689 170 751 litate
187 690 312 750 sincera
330 693 365 750 et
382 688 462 768 zelo,
477 709 576 771 quem
596 689 638 752 ad
654 688 774 752 Christi
789 709 946 772 pauperes
961 687 1079 751 habere
1095 688 1223 766 diceris,
1251 707 1351 755 σοιιαοῐο

75 785 289 862 confidentes,
313 786 493 868 custodiam
522 783 693 867 hospitalis
724 783 850 847 Sanctae
879 785 993 847 Mariae
1022 784 1224 868 Magdaleme
1248 766 1366 872 ml&

76 881 196 963 Ripon'
210 881 355 943 vacantis
370 901 445 942 cum
461 880 612 943 omnibus
628 880 695 942 suis
710 880 922 961 pertinenciis
938 885 996 942 tuo
1011 880 1224 962 optinendam
1249 885 1336 930 Mam

76 982 235 1059 perpetuo
256 976 319 1038 tibi
342 975 537 1038 conferimus
557 976 684 1038 intuitu
708 976 861 1053 caritatis,
878 976 1005 1057 proviso
1019 975 1105 1056 quod
1127 995 1225 1037 onera
1249 943 1396 1063 fflifm

76 1073 187 1134 eidem
209 1068 362 1154 hospitali
384 1072 612 1134 incumbencia
625 1071 765 1153 leprosos
789 1071 950 1133 libertatis
966 1070 1083 1154 Ripon’
1099 1077 1225 1134 susten·
1250 1085 1377 1156 chcrpor

76 1169 189 1244 tando,
204 1165 385 1249 hospicium
404 1168 451 1229 eis
472 1168 680 1250 providendo,
696 1173 731 1228 et
754 1166 833 1228 alios
856 1188 1013 1249 pauperes
1032 1167 1225 1249 adjuvando,
1249 1144 1403 1262 {fflssobff

77 1264 259 1325 secundum
285 1261 457 1331 facultates
482 1262 629 1345 ejusdem
658 1262 782 1340 subeas,
813 1263 1016 1325 voluntatem
1046 1262 1227 1326 fundatoris
1251 1296 1254 1301 >

77 1380 136 1440 pro
146 1358 270 1421 viribus
279 1358 502 1440 prosequendo
511 1380 520 1432 ;
544 1358 693 1419 volumus
708 1363 818 1420 autem
834 1358 920 1440 quod
932 1359 1040 1441 ipsum
1056 1357 1227 1441 hospitale,

77 1476 154 1517 cum
179 1455 313 1517 cesseris
335 1454 387 1516 vel
409 1454 592 1530 decesseris,
615 1455 649 1515 in
669 1454 753 1515 bono
779 1459 867 1516 statu
891 1455 1048 1530 dimittas,
1072 1455 1119 1516 ita
1141 1457 1228 1537 quod

79 1553 149 1633 ipsa
164 1550 280 1612 domus
294 1570 352 1632 per
374 1554 409 1612 te
431 1550 600 1611 meliorata
618 1555 772 1631 appareat
788 1550 967 1612 evidenter.
1013 1550 1106 1614 Vale.
1152 1552 1228 1612 Dat.

78 1647 166 1728 apud
180 1646 304 1725 Cawod,
316 1667 336 1707 v
346 1644 452 1709 Kal'n.
468 1645 642 1708 Novembr.
658 1645 752 1707 Anno
767 1647 882 1729 graciae
897 1645 949 1707 Μ0
963 1654 1031 1708 cco⁰
1041 1646 1084 1729 j⁰,
1094 1651 1127 1708 et
1137 1652 1228 1729 pont.

78 1743 183 1804 nostri
200 1742 249 1825 ij0.

148 1887 215 1949 Suo
239 1933 247 1949 .
273 1932 281 1950 .
304 1887 423 1950 ballivo
439 1885 566 1970 Ripon',
583 1888 733 1964 salutem,
745 1889 898 1970 graciam,
907 1893 941 1950 et
953 1886 1228 1952 benediccionem.
1256 1896 1295 1954 (91
1308 1895 1344 1956 a)

80 1984 164 2057 Quia
189 1983 309 2044 dilecto
332 1984 367 2044 in
384 1981 511 2046 Christo
534 1983 602 2045 filio
617 1983 757 2045 Patricio
779 1983 820 2045 de
844 1983 1026 2045 Brafferton
1049 1984 1230 2047 custodiam
1254 1967 1307 2060 dcl
1317 1955 1383 2059 ἔξω·
1421 1981 1425 1988 “

79 2078 253 2161 hospitalis
269 2078 378 2140 Beatae
393 2078 507 2140 Mariae
521 2073 724 2162 Magdalenae
740 2073 855 2160 Ripon’
871 2079 1015 2140 vacantis
1030 2100 1104 2140 cum
1123 2080 1229 2140 omni-
1255 2095 1338 2140 Lam

79 2173 143 2235 bus
175 2176 244 2234 suis
272 2174 482 2254 pertinenciis
513 2195 570 2236 suo
599 2169 809 2235 obtinendam
840 2178 998 2255 perpetuo
1028 2174 1228 2237 contulimus
1254 2153 1347 2257 {2⁸¹²ss

80 2270 208 2330 intuitu
232 2271 388 2346 caritatis,
403 2269 464 2330 tibi
481 2269 671 2330 mandamus
687 2270 840 2350 quatinus
857 2270 965 2351 ipsum
981 2271 1016 2330 in
1030 2271 1228 2352 corporalem
1255 2228 1364 2317 estid*

81 2366 318 2447 possessionem
348 2364 495 2445 ejusdem
526 2358 694 2445 hospitalis
724 2362 868 2424 inducas
928 2364 1088 2426 Volumus
1127 2367 1229 2428 eciam
1255 2331 1365 2449 mla

81 2461 168 2541 qnod
192 2460 281 2521 idem
297 2460 456 2521 Patricius
472 2458 631 2541 hospitale
655 2459 765 2522 Sancti
780 2457 939 2521 Johannis
962 2459 1079 2542 Ripon’
1093 2463 1127 2522 in
1143 2462 1228 2524 bono
1254 2450 1338 2493 ”dm

83 2561 172 2616 statu
202 2554 375 2631 custodiat,
405 2575 572 2636 quousque
608 2554 698 2616 aliud
728 2574 747 2615 a
776 2553 869 2615 nobis
908 2574 1003 2635 super
1041 2554 1101 2618 hoc
1139 2557 1229 2620 aliud

83 2649 235 2713 habuerit·
272 2653 306 2712 in
341 2651 513 2713 mandatis.
558 2651 649 2713 Vale.
694 2651 769 2712 Dat.
793 2649 879 2730 apud
908 2649 1030 2728 Garrod,
1055 2653 1098 2714 v‘⁰
1123 2652 1229 2715 Kal’n.

84 2747 259 2808 Novembr.
293 2753 385 2829 pont.
424 2749 526 2809 nostri
564 2767 649 2809 anno
686 2747 736 2829 ij0.
791 2747 835 2807 Et
864 2748 1111 2811 memorandum
1142 2750 1228 2832 quod

84 2843 235 2905 dominus
251 2843 412 2906 Robertus
428 2844 469 2905 de
492 2841 693 2927 Notingham
717 2844 752 2904 in
776 2842 949 2904 collacione
974 2844 1038 2904 ista
1059 2844 1124 2908 fuit
1142 2846 1229 2927 apud

85 2938 179 3000 Ebor.

150 3081 301 3161 Thomas,
322 3083 382 3145 Dei
405 3085 524 3166 gracia,
545 3090 606 3147 etc.
630 3085 758 3147 dilectis
782 3085 816 3146 in
841 3084 967 3148 Christo
990 3085 1066 3166 filiis
1088 3089 1230 3170 capitulo
1258 3100 1314 3160 (as)

86 3185 195 3240 nostro
220 3179 326 3260 Ripon
353 3179 404 3241 vel
428 3200 539 3242 eorum
564 3180 670 3242 locum
694 3182 832 3258 tenenti,
855 3189 891 3242 et
914 3227 922 3242 .
947 3227 954 3244 .
978 3182 1100 3244 decano
1122 3191 1230 3247 nostro
1256 3160 1384 3264 §.algol

86 3273 202 3355 Ripon,
218 3274 269 3336 vel
294 3273 366 3356 ejus
386 3274 492 3336 locum
517 3277 655 3353 tenenti,
672 3276 822 3351 salutem,
845 3277 997 3358 graciam,
1021 3283 1055 3338 et
1078 3277 1229 3341 benedic·
1259 3300 1348 3346 mucio

86 3369 223 3430 cionem.
270 3368 384 3431 citetis
409 3371 624 3452 peremptorie
649 3371 821 3452 separatim
849 3370 1043 3451 subscriptos
1070 3378 1230 3453 quatenus
1256 3374 1393 3464 'mm’

82 3463 327 3545 jurisdicciones
347 3470 469 3526 vestras
492 3466 620 3527 divisim
643 3467 851 3547 contingunt,
867 3464 1020 3527 videlicet
1034 3466 1229 3531 Nicholaum
1258 3477 1385 3555 Διζὸινῑμῑε

87 3558 127 3620 de
152 3559 342 3640 Bondegat’,
367 3565 428 3623 etc.
453 3562 538 3642 quod
564 3561 761 3622 sufficienter
787 3566 822 3622 et
846 3560 994 3642 legitime
1024 3572 1231 3646 compareant
1256 3536 1351 3596 ⁸⁵⁰⁰*

86 3675 191 3716 coram
222 3655 314 3716 nobis
346 3657 396 3716 vel
426 3657 661 3719 commissariis⁴
680 3657 808 3734 nostris,
831 3676 897 3717 uno
924 3655 975 3717 vel
1004 3657 1161 3738 pluribus,
1194 3664 1230 3724 in

89 3750 223 3812 ecclesia
244 3757 355 3812 nostra
375 3751 500 3833 Ripon’,
515 3752 569 3814 die
584 3752 741 3814 Mercurii
763 3772 850 3832 prox.
866 3756 939 3833 post
961 3753 1086 3815 instans
1110 3755 1230 3820 festum

90 3844 201 3907 Sancti
223 3844 371 3923 Martini,
387 3867 483 3929 super
505 3848 698 3929 quibusdam
721 3847 867 3908 articulis
891 3846 1031 3908 salutem
1051 3851 1232 3915 animarum

91 3958 221 4001 suarum
236 3942 513 4025 contingentibus,
529 3963 609 4025 quos
631 3963 734 4024 nuper
749 3943 784 4002 in
800 3942 989 4003 visitacione
1013 3951 1122 4007 nostra
1144 3967 1232 4008 com·

90 4036 241 4116 perimus,
264 4038 456 4117 responsuri,
472 4038 589 4100 facturi
608 4038 746 4100 ulterius
761 4043 796 4098 et
820 4039 981 4118 recepturi
998 4040 1082 4119 quod
1099 4039 1234 4122 justicia

90 4129 247 4191 suadebit.
293 4132 337 4192 Et
360 4132 400 4193 ad
427 4133 651 4214 probacionem
675 4134 841 4195 citacionis
865 4132 958 4194 factae
982 4131 1130 4196 habeatis
1152 4158 1235 4218 prae-

91 4229 210 4301 sentes,
225 4225 279 4285 dio
302 4231 337 4287 et
358 4227 427 4288 loco
449 4230 609 4310 praedictis
633 4229 748 4312 sigillis
772 4229 886 4290 vestris
910 4229 1063 4311 signatas.
1108 4230 1235 4294 Valetc.

91 4319 165 4380 Dat.
188 4319 274 4477 {pud
290 4319 413 4400 Cawod,
435 4323 470 4405 iij
494 4323 579 4385 Non.
602 4322 775 4386 Novembr.
798 4322 1005 4404 pontificatus
1028 4326 1128 4387 nostri
1151 4346 1237 4391 anno

92 4435 188 4477 secun
212 4435 241 4476 0.

159 4525 233 4572 vol..
250 4525 285 4571 11.
645 4531 665 4575 D
