3044 4994
97 322 171 399 100
432 372 435 378 -
638 334 847 396 naucerus
872 341 918 395 os
943 341 1064 397 areos.

95 519 226 626 W
337 518 541 583 ‘willelmus
556 523 619 582 etc.
641 519 769 582 dilectis
783 504 870 581 filiis.
895 562 936 582 ..
982 516 1132 600 Capitulo
1147 519 1289 583 ecclesia
1304 523 1419 583 nestrae

95 659 147 707 m
157 661 224 708 mu
270 614 448 700 collegiatae
478 615 614 698 Rypon',
641 615 790 693 salutem,
812 615 965 699 graciam,
990 619 1025 676 et
1050 614 1324 678 benediccionem.
1367 615 1419 677 Ad

96 718 202 824 urshgp’·
271 710 420 773 decorem
446 715 482 774 et
503 709 634 774 honoris
658 714 872 793 augmentum
895 710 991 771 dictae
1014 708 1139 791 Rypon’
1162 711 1307 773 eeclesiae
1330 710 1421 795 vigil'

96 790 153 884 ffi
164 784 217 884 ζῆ
272 807 487 870 solicitudinis
503 806 649 869 studium
666 826 703 869 eo
719 805 877 867 libencius
886 805 1117 887 impendimus,
1126 826 1190 887 quo
1199 807 1303 887 ipsam
1318 806 1420 868 filiam

157 973 160 980 Α
271 903 306 964 in
321 902 460 964 Domino
481 902 700 984 prsedilectam
721 899 903 964 affeccionis
925 902 1135 984 praerogativa
1159 901 1290 983 speciali
1311 922 1420 983 prose·

271 997 451 1081 quimurut
460 997 626 1060 debemus.
671 996 803 1059 Dudum
818 998 928 1078 itaque
938 996 1136 1058 visitacionis
1148 1001 1264 1058 nostrae
1279 997 1420 1059 officium

271 1094 307 1155 in
333 1093 436 1175 ipsius
459 1091 601 1154 ecclesias
615 1091 758 1173 capitulo
782 1091 914 1153 sinceris
930 1090 1100 1153 affectibus
1116 1091 1289 1154 actualiter
1310 1112 1420 1154 excer-

272 1192 394 1267 centes,
423 1189 511 1249 inter
530 1191 657 1264 caetera,
684 1186 840 1269 quosdam
863 1186 1016 1249 articulos
1041 1187 1265 1268 comperimus,
1296 1191 1418 1249 statum

271 1281 417 1366 ejusdem
444 1287 477 1345 et
499 1283 721 1346 ministrorum
745 1283 891 1366 ejusdem
921 1284 1037 1345 intime
1060 1287 1300 1359 concernentes,
1325 1302 1420 1364 super

270 1377 388 1460 quibus
411 1377 587 1460 proprium,
617 1379 717 1440 immo
743 1379 969 1455 necessarium,
993 1378 1087 1455 foret,
1111 1382 1150 1440 ut
1179 1378 1350 1456 credimus,
1376 1378 1419 1439 ad

272 1472 398 1535 Divinae
420 1472 525 1536 laudis
547 1473 755 1556 praeconium,
770 1494 807 1536 ac
823 1479 927 1536 status
951 1479 985 1536 et
1007 1471 1137 1535 honoris
1158 1474 1260 1555 ipsius
1277 1473 1419 1534 ecclesiae

271 1567 460 1632 firmitatem
493 1571 528 1632 et
566 1569 802 1633 incrementum
839 1588 905 1630 non
942 1568 1067 1631 modica
1103 1568 1212 1650 aliqua
1248 1566 1423 1632 salubriter

270 1663 426 1727 ordinum.
467 1663 538 1727 'Set
552 1665 630 1747 quia
651 1663 749 1728 multi
768 1664 910 1727 eoolesiae
933 1664 1091 1746 praedictae
1117 1663 1260 1725 canonici
1285 1661 1419 1724 fuerunt

271 1762 350 1824 tuno
377 1759 537 1838 absentes,
562 1780 636 1823 oum
661 1759 779 1844 quibus
805 1779 901 1843 super
915 1759 1012 1822 dictis
1041 1759 1187 1822 articulis
1212 1761 1293 1820 tunc
1315 1757 1419 1819 volui-

271 1873 344 1919 mus
370 1855 580 1920 dolibsraciua
612 1860 648 1919 et
676 1856 837 1920 maturius
863 1859 1087 1939 pertractasse,
1116 1852 1218 1917 nichil
1246 1851 1418 1915 affectuale

270 1950 416 2030 iacimus,
437 1956 476 2016 ut
500 1951 765 2031 desideravimus,
780 1951 837 2015 illa
855 1952 935 2028 vice,
952 1951 992 2014 de
1015 1970 1173 2013 consensu
1187 1953 1267 2010 tunc
1287 1949 1418 2010 eanoni-

270 2067 381 2112 corum
419 2048 620 2131 quorundam
653 2052 733 2111 tuno
767 2048 977 2131 presencium
1009 2047 1050 2109 ad
1087 2046 1301 2124 tractandum,
1331 2044 1417 2105 ordi-

270 2144 425 2221 nandum,
456 2147 491 2207 ct
520 2143 748 2207 declansndum
774 2162 870 2226 super
899 2143 1044 2205 articulis
1067 2141 1280 2225 supradictis;
1302 2159 1417 2202 convo·

270 2239 434 2301 cursionum
463 2239 689 2301 canonicorum
716 2237 819 2319 ipsius
839 2236 981 2300 ecclesiae
1007 2239 1193 2320 generalem
1215 2237 1256 2298 ad
1280 2236 1418 2297 tercium

98 2336 230 2390 Mentis.
271 2330 358 2395 dissui
392 2331 571 2415 juridicum
608 2350 696 2414 prox.
726 2336 800 2412 post
836 2331 958 2393 festum
990 2332 1100 2394 Sancti
1139 2332 1286 2415 Gregorii
1326 2351 1417 2414 papae

271 2444 358 2509 pnur.
392 2424 462 2508 jaun
492 2424 640 2487 futurum
676 2424 743 2486 iore
773 2424 973 2487 decrevimus
1001 2425 1198 2505 faciendum,
1229 2432 1273 2503 et,
1297 2431 1336 2488 ut
1365 2426 1418 2487 in·

270 2520 365 2583 turini
382 2522 492 2603 lateat
518 2517 718 2581 deliberandi
740 2519 886 2596 materia,
908 2518 1032 2599 aliquos
1048 2539 1088 2581 err
1111 2521 1189 2602 ipsis
1204 2521 1349 2583 articulis
1363 2518 1417 2581 hic

97 2621 192 2673 nasus·
270 2612 406 2679 festinus
435 2613 594 2677 ηηηοωηί.
648 2614 688 2674 Iu
718 2612 841 2694 primis,
871 2612 1012 2694 qualiter
1036 2615 1139 2694 possit
1162 2616 1344 2677 consulcius
1368 2636 1418 2677 or-

95 2681 208 2789 ffss'ssffgl‘
270 2708 372 2772 diurni
394 2708 450 2792 qui
473 2707 608 2785 fructus,
624 2707 814 2783 oblaciones,
831 2727 889 2770 seu
908 2715 1085 2789 proventus
1107 2729 1165 2790 pro
1185 2709 1416 2772 distribucione

269 2801 414 2867 fascienda
430 2805 590 2866 canonicis
610 2803 710 2885 ipsius
731 2802 873 2866 ecclesiae
893 2803 934 2866 ob
952 2800 1106 2867 honorem
1127 2803 1189 2866 Dei
1211 2809 1246 2865 et
1262 2805 1415 2881 ecclesiae,

268 2898 437 2985 cultusque
468 2899 578 2962 Diviui
612 2903 837 2983 augmentum,
874 2899 1196 2983 hospitalitatemque
1228 2899 1415 2977 tenendam,

269 2994 407 3057 residere
432 2994 615 3057 volentibus
633 2994 758 3076 possint
777 2996 895 3058 melius
918 2997 1085 3080 assignari,
1108 3000 1156 3072 ut,
1172 2993 1298 3076 pondus
1317 3012 1416 3074 agno-

271 3095 396 3152 scentes
406 3090 471 3153 diei
484 3096 518 3152 et
529 3096 637 3169 sastus,
653 3090 783 3172 aliquod
798 3092 1057 3154 emolumentum
1068 3091 1128 3153 sihi
1142 3089 1257 3152 exinde
1270 3090 1417 3149 senciant

97 3197 189 3247 aulaeo
270 3187 409 3250 evenire.
436 3186 683 3268 item,qualiter
697 3187 831 3250 aedificia
843 3189 944 3270 ipsius
960 3187 1101 3250 ecelesia
1110 3191 1240 3270 propter
1250 3184 1417 3267 praebend-

96 3257 225 3318 ΜΨ
270 3281 409 3344 ariorum
424 3281 681 3366 uecgligenciam
702 3286 737 3344 et
756 3283 921 3347 defectum
942 3284 1069 3346 utinam
1093 3282 1254 3345 minancia
1277 3282 1417 3360 ruinam,

271 3379 305 3437 et
319 3396 391 3457 quaa
406 3377 655 3459 dampnabiliter
669 3383 870 3457 corruerunt,
882 3385 917 3442 et
930 3378 1073 3441 hostium
1089 3380 1217 3463 redegit
1232 3378 1417 3439 immanitas

96 3482 220 3586 Capitulis
270 3469 305 3531 iu
321 3466 541 3555 s[c]intillam,
556 3474 740 3536 reaedificari
756 3475 886 3537 valeant
901 3479 935 3536 et
951 3475 1080 3556 supleri.
1126 3477 1212 3537 Item
1236 3479 1275 3535 ut
1292 3472 1368 3555 jura
1383 3479 1418 3534 et

95 3541 116 3645 {3¹
152 3543 232 3647 signu
270 3561 436 3628 libertates
452 3566 598 3648 ejusdem
618 3567 743 3653 Rypon'
758 3569 899 3632 ecclesiae
914 3590 986 3652 quae
1008 3574 1139 3650 propter
1154 3571 1342 3631 continuam
1364 3589 1417 3630 ca-

269 3659 457 3724 nonicorum
494 3663 679 3727 absenciam
715 3665 885 3748 paulatim,
922 3664 1008 3746 quod
1053 3662 1200 3725 dolenter
1236 3663 1417 3742 referimus,

270 3755 447 3836 perierunt,
470 3764 505 3820 et
526 3761 741 3842 possessiones
765 3759 948 3835 subtractae,
963 3759 998 3820 in
1022 3763 1143 3820 statum
1169 3760 1344 3840 pristinum
1367 3780 1416 3820 re-

96 3865 220 3912 wustor-
270 3848 440 3914 ducantur.
486 3854 584 3933 Item,
607 3855 648 3918 ad
667 3854 844 3919 videndum
864 3859 900 3917 et
921 3853 1166 3916 deliberandum
1187 3874 1266 3934 quos
1289 3854 1416 3915 ordines

95 3925 198 4033 dm
269 3945 435 4028 requirant
449 3948 585 4032 singulae
599 3950 779 4032 praebendae
793 3951 889 4013 dictae
904 3948 1057 4025 ecclesiae,
1071 3953 1111 4009 ut
1127 3969 1221 4029 super
1238 3947 1299 4010 hoc
1314 3954 1418 4011 cesset

95 4043 209 4149 peram&
270 4040 375 4103 omnis
389 4043 586 4126 ambiguitas
602 4047 637 4107 iu
652 4044 811 4108 futurum.
842 4045 939 4122 Item,
949 4045 989 4107 de
1001 4045 1192 4106 vicariorum
1201 4044 1416 4126 porcionibus,

96 4116 208 4236 &lm
270 4156 353 4220 quas,
375 4142 415 4199 ut
436 4139 471 4201 iu
490 4140 678 4203 visitacione
700 4145 811 4204 nostra
831 4146 882 4204 est
904 4144 1117 4221 compertum,
1136 4141 1324 4202 notabiliter
1340 4145 1418 4201 suut

96 4235 122 4281 ⁰¹
131 4237 215 4284 vissa.
269 4233 380 4313 exiles,
396 4238 556 4315 quatenus
576 4254 628 4298 res
651 4237 807 4318 exegerit,
822 4235 1085 4319 augmentandis,
1101 4242 1135 4297 et
1156 4257 1195 4297 ex
1218 4236 1322 4297 causis
1345 4234 1418 4295 aliis

95 4341 145 4390 Tus
159 4357 246 4391 aaron·
270 4329 467 4411 exponendis
491 4331 526 4392 in
553 4334 718 4391 eventum.
764 4330 919 4403 Quocirca
942 4330 1031 4392 vobis
1056 4332 1259 4409 mandamus,
1282 4329 1418 4392 firmiter

94 4403 245 4518 {flfflfffl
269 4422 491 4510 injungentes,
520 4425 673 4508 quatinus
703 4442 816 4486 omnes
846 4431 881 4490 et
908 4426 1052 4511 singulos
1078 4428 1247 4489 canonicos
1270 4425 1415 4508 ejusdem
