2992 5010
244 308 418 360 ramicis
443 307 542 360 111111
567 308 664 360 roan
689 307 901 374 ansrsrnas3
927 309 1120 363 1111111111.
1359 292 1430 366 131

106 479 262 554 1111111111,
277 475 396 539 habeat
412 482 447 539 et
461 477 623 540 custodiat
637 477 722 540 bona
744 482 779 539 et
801 479 917 540 catalla
942 478 1107 560 praedicta,
1122 479 1157 540 in
1181 479 1256 542 sub-

106 575 227 636 sidium
243 575 491 635 sustentacionis
506 595 571 636 suae
585 595 622 636 ac
637 594 772 635 onerum
795 575 909 636 domus
925 582 959 637 et
974 575 1157 637 elemosinae
1172 596 1254 657 prae·
1280 586 1317 658 11
1328 587 1415 658 thora

104 671 277 732 dictarum.
322 670 399 750 Ipso
414 690 488 731 vero
504 671 635 732 domino
658 667 808 733 Johanne
830 671 966 733 cedente
990 671 1041 732 vel
1063 671 1254 749 decedente,
1278 653 1410 752 (wlff,

103 774 161 831 aut
176 770 272 831 aliter
287 769 411 831 dictum
434 768 593 850 hospitale
616 768 818 844 dimittente,
840 767 909 848 ipse
931 768 1097 830 tenebitur
1111 767 1196 829 bona
1218 774 1253 830 ct
1277 765 1360 824 οἵω]
1398 823 1416 869 h

103 865 221 927 catalla
250 866 415 947 praedicta,
440 867 491 928 vel
517 866 626 926 saltim
653 884 765 927 eorum
788 865 934 944 precium
961 865 1140 926 secundum
1166 865 1252 946 quod
1277 830 1429 928 labiim

104 962 332 1042 praescribitur,
348 963 515 1024 dimittere
532 962 573 1022 ad
588 981 669 1043 opus
692 962 773 1023 dicti
788 959 967 1042 hospitalis,
983 966 1017 1022 et
1040 961 1085 1022 111
1100 961 1252 1042 deinceps
1277 943 1420 1046 {ffssvffiue

104 1058 161 1120 fiat
176 1059 217 1119 de
234 1079 412 1120 successore
428 1061 463 1120 in
479 1078 692 1120 successorem
704 1058 745 1119 ad
761 1057 871 1136 finem,
886 1057 972 1138 quod
987 1058 1075 1118 idem
1090 1055 1251 1137 hospitale
1276 1064 1302 1104 io
1312 1072 1343 1117 10
1353 1065 1379 1104 so
1390 1059 1428 1105 his

105 1155 146 1218 dc
161 1154 254 1216 bonis
270 1163 304 1217 et
318 1156 442 1218 catallis
463 1156 625 1238 praedictis
648 1175 816 1236 nunquam
843 1155 1053 1233 destituatur,
1070 1174 1165 1236 super
1187 1174 1252 1236 quo
1276 1132 1401 1165 maeror.

105 1249 223 1312 sorcius
234 1251 409 1328 solidando,
422 1252 616 1314 reverendus
626 1253 661 1312 in
672 1250 800 1315 Christo
809 1257 901 1332 pater
910 1252 1060 1313 dominus
1076 1250 1097 1312 J
1098 1249 1253 1327 ohannes,

106 1346 167 1408 Dei
191 1349 299 1430 gracia
320 1346 578 1430 archiepiscopus
602 1347 697 1410 Ebor.
720 1349 846 1432 Angliae
869 1350 999 1429 primas,
1014 1353 1168 1429 patronus
1190 1346 1253 1409 loci

104 1442 205 1519 illius,
215 1464 310 1505 suum
321 1446 347 1505 si
358 1445 418 1506 sibi
429 1445 587 1525 placuerit
598 1444 696 1506 faciet
706 1444 873 1506 decretum
883 1450 1039 1526 perpetuo
1049 1443 1251 1504 duraturum.

105 1538 264 1601 Praefatus
280 1548 391 1602 autern
407 1542 557 1602 dominus
572 1538 738 1603 Johanues
753 1539 836 1601 bona
852 1546 887 1602 et
909 1540 1026 1602 catalla
1039 1540 1194 1621 praedicta
1216 1539 1252 1599 in

104 1635 206 1697 forma
222 1642 257 1698 et
272 1639 331 1699 sub
346 1639 532 1699 condicione
547 1637 709 1719 praedictis
718 1637 852 1698 admisit
866 1639 901 1698 in
916 1637 1090 1719 praesencia
1104 1635 1252 1719 magistri

104 1730 236 1794 Thomae
251 1733 292 1795 de
305 1733 481 1815 Helperby‚
490 1734 622 1796 rectoris
638 1733 794 1795 scolarum
809 1733 1101 1816 grammaticalium
1116 1730 1252 1813 Rypon’,

104 1828 308 1890 dominorum
324 1828 483 1891 Johannis
498 1830 540 1891 de
557 1829 664 1911 Olynt,
680 1828 810 1890 Ricardi
833 1829 873 1891 de
896 1828 1077 1904 Wakefeld,
1093 1825 1252 1890 Johannis

104 1924 145 1985 de
162 1924 354 2008 Stayndrop,
370 1925 620 2008 capellanorum,
635 1923 794 1988 Johannis
816 1926 856 1986 de
878 1923 1014 2006 Topclif‚
1028 1922 1160 1985 Thomae
1182 1928 1252 1984 atte

105 2017 223 2097 Garth,
237 2019 369 2083 Thomae
391 2028 460 2084 atte
485 2020 573 2097 Hall,
590 2026 623 2083 et
646 2020 794 2098 aliorum,
810 2022 1015 2083 consentiens
1034 2025 1196 2101 quantum
1216 2019 1252 2078 in

104 2116 176 2196 ipso
192 2119 344 2199 estquod
361 2119 405 2179 sic
421 2118 490 2193 fiat,
512 2124 547 2179 et
562 2119 649 2199 quod
671 2117 796 2178 dictum
819 2118 986 2180 decretum
1002 2117 1166 2177 admittet.
1211 2114 1253 2175 In

104 2213 199 2294 cujus
227 2216 275 2276 rei
299 2216 527 2277 testimonium
553 2220 622 2276 tam
649 2215 794 2297 sigillum
817 2213 943 2295 praefati
968 2214 1091 2275 domini
1118 2210 1254 2274 chrici

105 2308 146 2371 de
163 2310 302 2392 Ingelby
315 2332 412 2392 quam
436 2311 580 2394 sigillum
607 2310 732 2392 praefati
756 2310 880 2372 domini
905 2308 1064 2373 Johannis
1086 2308 1127 2370 de
1143 2304 1255 2391 Brigg’

105 2406 321 2486 praesentibus
336 2407 518 2468 indenturis
533 2407 719 2468 alternatim
737 2412 814 2468 sunt
828 2426 980 2488 appensa.
1025 2405 1100 2468 Dat.
1117 2403 1254 2487 Rypon’,

106 2507 197 2562 sexto
227 2501 281 2564 die
318 2501 500 2583 Septembr.
524 2503 618 2564 Anno
654 2502 784 2564 Domini
812 2502 988 2563 Millesimo
1012 2506 1099 2563 ecc¹¹¹⁰
1124 2505 1254 2582 septua-

104 2598 239 2678 gesimo,
256 2604 289 2660 et
312 2619 398 2659 anno
421 2599 514 2681 regni
537 2599 622 2681 regis
646 2598 792 2660 Edwardi
815 2599 909 2660 tercii
935 2604 1009 2681 post
1032 2602 1253 2680 conquaestum

106 2693 353 2776 quadragesimo
367 2700 492 2776 quarto.

172 2789 234 2863 Qui
250 2790 383 2871 quidem
399 2790 548 2852 dominus
563 2787 741 2867 Johannes,
756 2791 853 2853 certis
869 2791 923 2854 die
936 2793 971 2852 11
985 2789 1054 2852 1111
1066 2789 1127 2853 sibi
1143 2790 1178 2850 in
1193 2786 1253 2850 hac
1278 2800 1398 2848 methea

104 2891 196 2967 parte
211 2888 384 2970 assignatis
396 2908 454 2968 per
462 2887 633 2949 dominum
645 2887 666 2949 J
667 2886 828 2949 ohannem
838 2889 878 2950 de
887 2888 1026 2965 Malton,
1038 2887 1251 2969 capellanum,
1278 2864 1377 2966 ffiffg

104 2990 342 3063 procuratorem
358 3004 454 3046 suum
470 2984 685 3045 sufficientem
707 2983 749 3046 ab
764 3005 802 3046 eo
817 2985 852 3045 in
867 2981 927 3046 hac
949 2989 1041 3066 parte
1056 2986 1251 3065 potestatem
1278 2975 1431 3095 feffiffl}

105 3075 293 3156 habentem,
322 3101 428 3141 coram
459 3079 551 3141 nobis
576 3078 780 3160 judicialiter
805 3099 1005 3161 comparens,
1028 3078 1192 3141 fatebatur
1217 3083 1253 3139 et
1278 3096 1367 3141 sortis

105 3176 292 3257 recognovit
316 3196 350 3237 se
373 3176 483 3237 omnia
503 3176 629 3252 catalla,
653 3195 715 3252 res,
741 3181 777 3237 11
798 3175 881 3237 bona
909 3176 944 3234 in
968 3175 1055 3264 diota
1079 3173 1254 3236 indentura
1277 3155 1370 3210 anem

105 3275 269 3347 contenta,
285 3275 320 3332 et
341 3292 447 3333 coram
465 3292 504 3332 1ο
527 3271 719 3354 singillatim
744 3270 890 3346 recitata,
905 3270 1036 3331 nominc
1061 3270 1162 3331 stauri
1185 3270 1253 3331 sive

106 3365 314 3446 implementi
338 3366 484 3447 ejusdem
508 3365 722 3449 hospitalis-a
748 3365 883 3448 praefato
910 3366 1042 3428 domino
1068 3364 1174 3426 David
1196 3384 1255 3447 per

107 3481 223 3523 manus
239 3463 429 3524 venerabilis
439 3465 497 3524 viri
513 3463 660 3546 praedicti
675 3463 798 3524 domini
815 3462 951 3524 Henrici
965 3462 1006 3523 de
1021 3460 1170 3545 Ingelby,
1181 3481 1255 3543 pro-

106 3560 262 3619 curatoris
287 3557 433 3639 ejusdem
457 3560 581 3622 domini
607 3560 721 3638 David,
736 3559 831 3642 juxta
851 3560 984 3621 modum
999 3563 1034 3621 et
1058 3558 1194 3620 formam
1217 3559 1254 3619 in

106 3653 193 3715 dicta
208 3654 382 3715 indentura
396 3660 551 3717 contenta
565 3657 690 3739 integre
706 3656 874 3738 recepisse,
891 3662 926 3718 et
939 3676 996 3738 pro
1006 3654 1118 3738 majori
1135 3655 1254 3717 securi-

105 3754 174 3811 tate
198 3771 294 3831 super
316 3750 502 3812 dimissione
527 3751 728 3829 catallorum,
752 3773 872 3830 rerum,
888 3757 923 3814 et
946 3751 1113 3828 bonorum,
1135 3751 1254 3813 futuris

107 3846 341 3907 successoribus
358 3847 424 3908 suis
440 3847 521 3908 dicti
544 3845 714 3929 hospitalis
729 3847 848 3910 futuris
870 3849 1071 3930 temporibus
1093 3848 1129 3909 in
1152 3847 1255 3909 forma

105 3941 260 4023 praedicta
270 3943 410 4022 paranda
421 3949 455 4004 11
465 3942 596 4005 realiter
605 3944 792 4021 ordinanda,
798 3944 905 4006 dictus
917 3945 1067 4006 dominus
1077 3943 1098 4005 J
1099 3942 1255 4020 ohannes,

106 4043 213 4099 custos
240 4037 425 4118 praedictus,
446 4058 616 4120 personam
642 4059 733 4100 snam
758 4045 792 4100 et
818 4037 978 4121 hospitale
1003 4039 1194 4121 praedictum
1218 4059 1254 4101 ac

107 4139 294 4195 executores
321 4139 356 4195 et
382 4155 580 4197 successores
604 4156 679 4197 suos
708 4142 868 4217 quantum
899 4136 934 4196 in
965 4155 1003 4197 eo
1032 4134 1110 4212 fuit,
1136 4135 1255 4198 nostris

107 4230 316 4307 ordinacioni,
331 4230 504 4310 voluntati,
527 4232 669 4309 decreto,
691 4237 727 4294 et
751 4231 952 4310 diffinicioni,
975 4252 1056 4313 pure
1083 4237 1118 4294 et
1141 4237 1256 4314 sponte

108 4325 270 4388 submisit.

176 4421 272 4484 Unde
302 4443 360 4485 nos
389 4421 565 4501 Johannes,
591 4421 850 4506 archiepiscopus
880 4421 1064 4503 pradictus,
1094 4420 1256 4484 laudabile
1282 4433 1411 4482 viem·

654 4534 704 4580 12
