2992 5010
211 353 384 408 manners
410 357 507 408 raon
533 356 628 408 roan
656 357 865 423 naorsraas3
892 358 1128 412 caraxamus.
1369 339 1416 413 55

159 518 215 607 (2)
238 522 428 586 Reverendo
457 525 493 586 in
523 523 650 588 Christo
682 528 777 609 patri,
805 528 936 590 domino
968 529 1144 605 Willelmo,
1179 529 1242 590 Dei
1267 563 1411 610 samburne

91 619 200 701 gracia
216 619 312 682 Ehor.
337 665 346 682 .
370 666 379 683 .
402 619 650 704 archiepiscope,
665 624 792 706 Angliae
809 624 951 705 primati,
967 645 1044 686 suus
1060 623 1194 686 humilis
1211 628 1245 686 et
1267 621 1390 670 cimiterio

92 715 232 776 devotus
256 715 398 778 Jacobus
423 717 464 780 de
488 718 666 796 Cimiterio,
682 725 784 781 rector
808 720 950 782 ecclesiae
976 721 1086 783 Sancti
1110 720 1244 804 Georgii
1269 682 1402 799 iiiffi'do

93 810 202 888 Ebot„
218 819 253 872 et·
268 811 348 873 olim
363 818 471 874 custos
480 811 650 896 hospitalis
661 815 770 877 Beatae
780 815 892 877 Mariae
904 816 1106 900 Magdalcnae
1119 815 1245 898 Ripon',
1269 802 1338 905 fflo
1354 859 1373 905 ‚¹

94 907 246 984 salntem,
277 929 352 969 enm
383 910 577 973 omnimodis
607 911 806 988 obediencia,
831 914 1025 989 reverencia,
1050 919 1085 975 et
1114 911 1246 974 honore.
1270 874 1389 966 mannire

95 1002 292 1066 Mandatum
308 1010 453 1067 vestrum
469 1009 681 1070 reverendum
697 1009 878 1090 recepimus
893 1009 928 1070 in
944 1007 1011 1071 baec
1029 1009 1134 1071 verba.

162 1140 380 1220 ‘willelmus
390 1144 600 1225 permissione
611 1145 729 1205 Divina
741 1145 836 1208 Ebor.
846 1143 1113 1229 archiepiscopus,
1123 1146 1248 1230 Angliae
1272 1143 1360 1247 ff‘ff‘u

96 1238 227 1318 primas,
251 1240 370 1301 dilecto
393 1241 427 1301 in
454 1239 581 1303 Christo
604 1241 672 1302 filio
702 1242 833 1302 domino
864 1243 983 1304 Jacobo
1014 1243 1053 1304 de
1081 1243 1248 1306 Cimiterio
1271 1216 1383 1307 diahiic

96 1335 214 1395 rectori
231 1335 373 1398 ecclesiae
396 1337 507 1399 Sancti
532 1339 665 1420 Georgii
691 1338 786 1399 Ebor.
804 1342 838 1399 et
852 1339 931 1399 olim
945 1336 1114 1421 hospitalis
1138 1340 1247 1401 Beatae
1271 1321 1397 1366 ΜΝ·

97 1430 209 1493 Mariae
232 1431 436 1515 Magdalenae
463 1434 580 1515 Ripon’
594 1435 731 1511 custodi,
749 1435 900 1511 salutem,
923 1435 1075 1517 graciam,
1091 1441 1125 1496 et
1147 1434 1247 1497 bene·
1271 1381 1425 1484 ibinitiiwf

98 1528 289 1590 diceionem.
335 1530 375 1590 Iu
391 1530 512 1591 virtute
535 1529 731 1592 obedienciae
754 1531 815 1592 tibi
839 1529 1042 1613 injungimus
1066 1538 1100 1592 et
1116 1531 1249 1592 manda·
1272 1497 1421 1601 iiiiii&

98 1644 181 1701 mus,
211 1631 362 1708 rogantes
393 1632 555 1707 quatenus
585 1628 621 1689 in
651 1648 715 1708 quo
746 1633 835 1687 statu
865 1625 1025 1709 hospitale
1055 1628 1247 1709 praedictum
1272 1616 1387 1721 {fffii

97 1719 237 1780 Patricio
253 1722 293 1782 de
317 1720 485 1783 Braferton
510 1723 684 1785 successori
706 1728 765 1783 tuo
780 1723 815 1782 in
840 1723 909 1803 ipso
924 1723 1103 1800 dimiseras,
1119 1728 1154 1784 et
1176 1743 1248 1804 quse
1272 1708 1401 1780 raalaio.

98 1815 181 1876 bona
195 1822 230 1876 et
246 1816 353 1879 ubist
374 1839 447 1899 quae
469 1825 504 1880 et
518 1824 597 1900 quot
624 1818 708 1880 bona
734 1819 957 1900 unusquisque
980 1826 1089 1879 custos
1113 1825 1187 1900 post
1211 1839 1244 1878 se

98 1911 266 1973 dimittere
291 1918 453 1991 teneatur,
480 1922 514 1976 et
545 1916 571 1975 si
596 1935 653 1996 per
683 1915 891 1975 indenturam
918 1913 1002 1974 bona
1032 1914 1138 1995 aliqua
1166 1913 1248 1974 inibi

99 2008 263 2084 dimisisti,
279 2014 315 2070 et
329 2030 413 2091 quae,
428 2011 521 2072 nobis
537 2010 686 2072 celeriter
696 2031 753 2092 per
768 2016 842 2071 tuas
854 2009 976 2087 literar,
992 2029 1057 2070 una
1068 2030 1143 2070 cum
1159 2010 1250 2090 copia

98 2105 281 2166 indenturse
296 2102 483 2187 hujusmodi
500 2108 527 2168 si
543 2115 641 2189 qua'm
651 2104 781 2182 habeas,
790 2112 937 2167 constare
948 2104 1044 2166 facias
1059 2105 1250 2166 distiuccius

99 2205 134 2261 et
148 2207 270 2282 aperte.
315 2201 441 2263 Valete.
487 2203 561 2264 Dat.
587 2203 673 2284 apud
700 2203 845 2284 Wylton,
862 2201 925 2284 xvij
946 2199 1051 2262 Kal’n.
1076 2200 1249 2262 Novembr.

99 2302 190 2377 pont.
206 2298 308 2357 nostri
323 2317 409 2358 auno
423 2298 547 2378 primo!

166 2415 276 2499 Hujus
292 2418 394 2501 igitur
416 2420 611 2481 auctoritate
633 2419 778 2480 mandati
795 2425 909 2480 vestrae
933 2419 1082 2502 benignae
1106 2419 1250 2501 paterni·
1275 2451 1338 2497 M,
1352 2451 1425 2498 Cim„

99 2513 162 2574 tati
177 2513 330 2592 notiffico,
345 2515 430 2596 qnod
447 2516 499 2576 die
516 2515 641 2577 sabbati
657 2536 745 2596 pror.
760 2521 834 2597 post
849 2514 970 2577 festum
987 2515 1097 2578 Sancti
1113 2516 1250 2577 Dionisii
1274 2512 1334 2556 ‘⁰¹⁵⁰
1344 2511 1392 2556 nan

99 2609 160 2672 ult.
186 2612 402 2691 praeteritum,
432 2610 568 2673 fuerunt
597 2613 743 2695 quinque
775 2611 826 2673 vel
858 2632 911 2672 sex
941 2613 1019 2673 anni
1049 2611 1163 2694 elapsi,
1193 2632 1251 2693 per
1275 2570 1407 2687 hidedby

100 2706 271 2767 dominum
295 2705 452 2768 Thomam
477 2709 640 2790 quondam
665 2708 759 2768 Ebor.
776 2705 1051 2789 archiepiscopum
1075 2708 1251 2789 praedeces·
1275 2687 1424 2804 ἓξξξξὲξρ

101 2822 205 2863 sorem
223 2806 367 2864 vestrum
383 2804 423 2865 de
440 2805 527 2865 dicto
536 2803 690 2885 hospitali
706 2803 814 2864 subito
829 2802 878 2864 fui
890 2803 1036 2885 ejectus,¹
1054 2809 1088 2864 et
1104 2811 1250 2884 tempore

101 2897 294 2980 dejeccionis
309 2920 389 2962 meae
405 2900 439 2960 in
463 2900 550 2961 dicto
571 2899 724 2982 hospitali
740 2899 850 2959 dimisi
866 2905 970 2960 totam
986 2904 1148 2959 vestnram
1164 2898 1252 2960 bladi
1275 2933 1326 2978 Tne
1337 2945 1402 2990 omps

102 3000 136 3055 et
149 2993 229 3056 foeni
245 2994 407 3078 integram
423 2997 463 3058 de
480 2996 585 3058 tribus
594 2997 750 3057 carucatis
760 3002 855 3057 terrae
865 3002 898 3058 et
908 3002 1073 3076 pratorum
1085 2996 1125 3055 ad
1141 2996 1251 3076 ipsum
1276 2993 1382 3095 ggffi

101 3087 262 3171 hospitale
286 3093 507 3172 spectancium
535 3093 569 3152 in
593 3098 774 3172 autumpno
795 3112 883 3173 prox.
900 3090 1101 3172 praeccdente
1125 3089 1251 3150 dictum
1364 3064 1389 3110 ³⁸

102 3185 224 3247 festum
238 3188 495 3269 provenientem,
511 3196 645 3268 excepto
668 3189 791 3249 semine
808 3188 894 3269 quod
918 3186 1114 3247 seminatum
1129 3175 1195 3245 fuit
1216 3185 1251 3245 in

102 3288 187 3344 terra
202 3283 282 3344 dicti
298 3282 466 3365 hospitalis
480 3285 567 3346 iuter
576 3285 701 3346 dietum
710 3289 927 3366 antumpnum
941 3288 975 3343 et
990 3281 1115 3343 dictum
1130 3280 1251 3341 festum

102 3379 213 3442 Sancti
243 3379 391 3457 Dionisii.
417 3388 452 3441 et
482 3381 627 3462 exceptis
652 3380 765 3441 decem
789 3380 962 3463 quarteriis
986 3377 1072 3438 bladi
1098 3398 1170 3459 qnae
1198 3397 1252 3438 ex·

102 3476 235 3559 peudidi
260 3496 298 3537 eo
323 3480 469 3557 ternpore
497 3475 537 3537 de
567 3477 654 3538 dicta
682 3483 811 3538 vestuta
835 3477 870 3537 in
894 3474 1082 3536 necessariis
1112 3474 1194 3535 meis
1217 3478 1253 3535 et

101 3572 351 3634 iiberacionibus
379 3573 605 3634 serviencium.
656 3573 774 3634 Dimisi
798 3574 900 3635 eciam
927 3571 1035 3633 omnia
1061 3570 1195 3632 aedificia
1217 3575 1252 3632 et
1277 3606 1405 3665 Burrnings

102 3690 234 3731 nemora
248 3670 284 3730 in
305 3668 389 3731 bono
412 3674 501 3731 statu
522 3671 751 3753 inconsumpta
767 3676 801 3732 et
823 3671 906 3731 bene
931 3673 1088 3749 reparata.
1134 3668 1251 3729 Dimisi
1276 3668 1419 3715 andwooas.

102 3767 237 3848 insuper
251 3786 290 3828 eo
305 3771 451 3847 tempore
467 3787 530 3849 quo
547 3768 592 3828 sic
614 3767 662 3829 fui
678 3767 814 3849 ejectus,
830 3769 864 3828 in
888 3767 975 3827 dicto
998 3763 1162 3847 hospitali,
1177 3764 1249 3846 xxvj

103 3863 201 3925 boves
228 3861 328 3923 bonos
354 3883 412 3944 pro
435 3884 560 3942 caruca,
591 3864 691 3945 precii
717 3864 892 3946 cujuslibet
918 3861 1011 3944 xvjs,
1035 3867 1069 3922 et
1092 3861 1251 3922 sexdecim
1276 3890 1363 3937 omn„

103 3979 214 4020 vaccas
230 3979 305 4020 cum
321 3978 386 4020 uno
405 3956 532 4037 thauro,
548 3960 649 4041 precii
671 3958 847 4041 cujuslibet
869 3959 939 4034 irs,
956 3963 991 4019 et
1013 3957 1056 4038 vij
1075 3956 1194 4019 vitulos
1217 3962 1250 4017 et

104 4055 140 4136 iij
157 4055 322 4117 boviculos
345 4055 484 4116 duorum
506 4076 675 4132 annorum,
691 4055 714 4137 ij
735 4055 887 4137 jumenta
910 4055 1005 4130 bona,
1021 4055 1121 4136 precii
1144 4053 1252 4135 cujus-

104 4151 189 4212 libet
199 4149 291 4232 xvjs,
304 4155 339 4212 et
349 4152 494 4233 quinque
504 4153 639 4234 pultros,
649 4152 802 4214 videlicet
808 4152 961 4232 jumenta
972 4153 1073 4212 trium
1083 4170 1252 4226 annorum,

106 4248 207 4331 precii
222 4247 397 4330 cujuslibet
412 4247 471 4330 vjs.
487 4248 589 4331 viijd.,
605 4255 640 4310 et
665 4250 805 4331 triginta
820 4256 886 4310 tres
908 4269 1019 4330 porcos
1042 4268 1117 4309 cum
1141 4246 1253 4308 suibus
1279 4278 1365 4324 Swine.

108 4345 251 4424 stapris
278 4345 335 4406 sed
358 4343 452 4426 cujus
476 4346 576 4426 precii
607 4345 731 4407 fuerint
754 4345 874 4422 nescio,
897 4345 974 4426 quia
997 4344 1096 4426 aliqui
1120 4343 1255 4404 suerunt

166 4461 208 4530 tl)
227 4460 310 4516 There
322 4480 408 4516 seems
419 4469 449 4516 to
461 4461 494 4517 be
507 4462 623 4533 nothing
635 4462 719 4518 about
731 4464 787 4518 tliis
799 4463 828 4516 in
841 4461 1011 4533 Oorbridge's
1023 4459 1155 4529 chistcr.
