2992 5010
251 340 424 394 minacia
449 339 547 392 raon
573 339 669 391 roan
695 338 907 405 uuo1srnus;
935 340 1088 393 arneson.
1368 324 1414 397 87

93 507 202 587 editis,
218 514 254 571 et
268 513 379 571 contra
393 508 604 571 interdictum
620 506 761 569 ecelesiae
779 509 1061 571 matrimonialiter
1075 515 1239 574 contraxe-
1265 520 1324 576 vani,
1351 578 1358 599 ,

91 608 180 681 runt,
195 605 233 666 in
247 604 389 666 ecclesiae
405 604 590 666 scandalum
606 608 640 665 et
653 603 789 665 aliorum
806 601 1061 666 Christianorum
1083 605 1241 686 pernicio·
1264 579 1407 696 ma

92 718 164 760 sum
180 698 377 780 exemplum,
395 698 436 760 ad
451 701 595 780 ipsorum
610 699 843 760 correccionem
865 700 1047 761 animarum
1069 700 1239 782 suspendi·
1263 696 1416 799 {amad

91 812 176 872 mus,
197 793 295 876 juxta
317 795 470 856 canoniea
498 794 664 871 instituta,
693 814 730 855 ac
760 812 817 875 pro
846 790 1032 875 hujusmodi
1056 795 1238 857 excessibus
1263 787 1392 872 mpsim

91 889 303 970 poeuitencias
332 888 534 971 injunximus
568 887 798 969 infrascriptas,
828 889 990 966 videlicet,
1016 891 1101 971 quod
1131 891 1238 952 dictus
1262 872 1413 975 2⁸22?

92 982 278 1046 Willelmus
302 1005 360 1066 per
382 1004 437 1047 sex
463 985 533 1046 dies
559 983 741 1064 solempnes
771 989 804 1046 et
835 983 979 1062 festivos,
1006 985 1238 1067 superpelliceo
1259 990 1370 1059 milen·

92 1078 241 1157 indntus,
263 1080 297 1141 in
322 1079 429 1143 medio
458 1079 550 1140 navis
575 1078 718 1140 ecclesiae
744 1077 920 1162 collegiatae
949 1079 1075 1162 Rypon'
1095 1087 1170 1159 stet,
1194 1087 1238 1160 et,
1263 1062 1381 1165 affl

93 1179 211 1235 tenens
225 1194 330 1236 unum
345 1193 475 1236 cereum
492 1173 661 1235 ardentem
679 1175 714 1234 in
738 1194 836 1234 manu
860 1195 927 1252 sua,
945 1182 978 1237 et
1002 1196 1097 1257 super
1119 1176 1238 1239 librum

92 1282 254 1351 apertum,
284 1269 372 1332 dicat
400 1274 525 1351 septem
562 1269 700 1351 psalmos
730 1270 973 1350 poenitenciales
1002 1292 1076 1332 cnm
1106 1272 1239 1350 letania,

92 1364 210 1427 diebus
233 1364 370 1448 singulis
394 1364 579 1441 antedictis,
604 1384 703 1446 quem
725 1384 853 1427 cereum
875 1364 989 1428 offerat
1013 1366 1054 1428 ad
1080 1367 1190 1445 altare,
1206 1374 1240 1431 et

93 1460 181 1522 dicta
196 1460 380 1544 Margareta
396 1460 511 1522 stetin
527 1459 635 1521 medio
649 1461 740 1520 navis
755 1459 850 1521 dictae
860 1461 1000 1523 ecclesiae
1016 1483 1073 1544 per
1087 1468 1154 1525 tres
1168 1465 1238 1526 dies

95 1553 277 1637 solempnes
293 1560 327 1617 et
341 1553 485 1633 festivoS,
499 1554 588 1616 nuda
602 1554 717 1635 capud,
728 1554 853 1636 capillis
862 1555 1014 1640 deligatis
1030 1558 1097 1620 sive
1113 1560 1238 1640 sparsis,

93 1649 173 1712 dum
198 1649 379 1712 celebratur
402 1649 504 1732 major
528 1651 595 1711 sive
619 1648 685 1710 alta
710 1649 808 1710 missa
833 1650 868 1711 in
891 1651 1024 1713 ecelesia
1053 1661 1238 1717 memorata.

93 1745 167 1807 Tibi
181 1744 372 1807 mandamus
386 1745 540 1826 quatinus
560 1743 664 1806 dictos
679 1743 879 1805 Willelmum
903 1751 938 1807 et
960 1747 1176 1830 Margaretam
1198 1750 1239 1810 ad

95 1840 316 1922 peragendum
339 1840 442 1901 dictas
465 1839 676 1921 poenitenciae
696 1839 869 1920 compellas
890 1840 998 1903 debite
1021 1843 1089 1904 vice
1112 1849 1240 1918 nostra;

96 1935 325 2016 poenitenciam
348 1940 460 1997 tamen
483 1935 578 1997 dictae
604 1935 748 1996 mulieris
775 1955 877 2017 usque
903 1933 1025 1998 festum
1051 1935 1241 2019 Epiphaniae

96 2030 229 2092 Domini
257 2031 399 2113 graciose
425 2029 532 2092 differi
558 2029 718 2106 volumus,
744 2036 864 2091 extunc
893 2051 952 2112 per
975 2051 1047 2093 eam
1074 2031 1242 2095 humiliter

96 2125 320 2210 peragendam.
358 2125 449 2188 Vale.
495 2125 569 2187 Dat.
584 2125 670 2207 apud
686 2125 821 2206 Rypon'‚
836 2139 879 2187 x0.
896 2125 992 2188 kal'n.
1009 2126 1137 2192 Octobr.
1147 2131 1242 2191 Anno

96 2224 211 2308 gracias
225 2232 273 2285 m⁰
286 2228 375 2285 ecemo
390 2222 553 2302 vicesimo,
568 2227 602 2285 et
616 2222 823 2304 pontificatus
838 2224 938 2284 nostri
955 2225 1064 2287 tercio.

161 2411 360 2489 willelmus,
375 2416 438 2474 etc.
453 2410 574 2473 dilecto
589 2410 656 2472 filio
679 2410 805 2473 custodi
821 2409 989 2492 hospitalis
1013 2416 1116 2476 nostri
1132 2414 1242 2478 Beatae
1269 2432 1326 2490 (soe
1337 2433 1371 2489 v.)

97 2507 209 2570 Maxim
234 2506 438 2590 Magdalenae
460 2505 597 2589 Rypon',
617 2505 669 2567 vel
696 2505 766 2588 ejus
792 2505 900 2568 locum
927 2510 1067 2586 tenenti,
1092 2511 1241 2590 salutern,
1267 2492 1397 2596 §3¹2²st

96 2603 250 2685 graciam,
279 2608 313 2665 et
340 2602 613 2665 benediccionem.
668 2601 840 2675 Querelam
864 2602 987 2665 domini
1013 2604 1171 2668 Willelmi
1200 2607 1241 2669 de
1267 2632 1317 2678 p„
1327 2633 1418 2677 mr..

97 2697 223 2780 Rypon'
244 2698 394 2780 pauperis
417 2697 575 2779 capellani
594 2696 783 2778 recepimus,
810 2699 1031 2762 continentem
1055 2701 1140 2782 quod
1163 2702 1241 2764 licet
1267 2689 1417 2808 mm

97 2794 167 2876 ipse
181 2793 259 2855 olim
274 2792 431 2855 beneficio
444 2794 532 2855 visus
554 2793 709 2874 privatus,
724 2794 915 2854 auctoritate
932 2801 966 2857 et
982 2796 1134 2859 mandato
1149 2796 1241 2859 bonae
1262 2782 1367 2867 ρανρινὲ

97 2889 259 2951 memoriae
278 2888 402 2950 domini
424 2887 593 2965 Willelmi,
615 2887 778 2969 quondam
803 2887 897 2949 Ebot.
921 2888 1162 2973 archiepiscopi,
1179 2894 1241 2953 im·
1260 2867 1343 2984 {22}ss

97 2983 232 3046 mediati
246 2983 484 3065 praedecessoris
498 2983 613 3060 nostri,
623 2984 659 3044 in
674 2981 761 3045 dicto
769 2981 922 3066 hospitali
933 2992 1044 3048 nostro
1058 2987 1098 3047 ad
1115 2994 1242 3049 susten·
1268 2982 1348 3085 ffl'

97 3079 259 3142 tucionem
288 3099 465 3163 egenorum
494 3076 629 3141 fundato
659 3084 808 3160 receptus
838 3084 935 3157 esset,
962 3080 1003 3142 de
1034 3080 1242 3144 facultatibus
1268 3074 1349 3157 unqu

98 3173 245 3257 ejusdem
254 3174 352 3256 juxta
374 3193 485 3237 earum
507 3174 780 3255 praetendenciam
802 3194 838 3236 ac
861 3179 964 3236 status
982 3177 1033 3236 sui
1057 3176 1241 3238 decenciam
1267 3157 1416 3265 ma

97 3270 133 3332 in
146 3270 239 3333 victu
251 3273 287 3331 et
300 3269 425 3332 vestitu
439 3274 474 3331 et
494 3268 568 3330 aliis
592 3269 666 3330 vitae
690 3290 755 3331 suae
777 3271 975 3348 necessariis,
991 3271 1168 3332 secundum
1184 3292 1242 3333 an·

97 3365 227 3448 tiquum
255 3384 379 3428 morem
408 3368 444 3426 et
476 3362 745 3426 consuetudinem
775 3364 854 3426 dicti
893 3362 1074 3446 hospitalis,
1111 3367 1243 3447 pietatis

97 3460 223 3523 intuitu
253 3459 505 3536 sustentandus3
542 3460 629 3521 dicta
659 3464 769 3521 tamen
801 3462 999 3522 sustentacio
1028 3461 1150 3523 nedum
1181 3463 1242 3524 sibi

97 3556 293 3619 diminuitur
312 3555 417 3637 ajam
438 3555 508 3633 diu,
524 3555 581 3617 sed
604 3552 807 3617 subtrahitur
830 3556 891 3617 sibi
920 3577 959 3617 ex
981 3563 1062 3635 toto,
1086 3559 1134 3620 ita
1157 3559 1243 3640 quod

98 3651 163 3714 nisi
177 3652 395 3713 mendicasset
415 3647 596 3726 hostiatim,
611 3650 697 3712 fame
720 3655 752 3712 et
774 3650 884 3713 inedia
906 3672 971 3714 non
986 3655 1112 3717 modico
1126 3655 1244 3717 effluxo

97 3752 244 3829 tempore
265 3747 423 3828 periisset.
468 3745 565 3809 Unde
587 3765 663 3808 cum
688 3743 876 3827 hujusmodi
899 3751 1050 3830 pauperis
1074 3752 1244 3833 presbiteri

97 3842 289 3906 mendicitas
303 3842 450 3905 ordinem
471 3841 614 3903 maculat
637 3840 830 3917 clericalem,
846 3862 915 3919 nos,
932 3844 1080 3907 nolentes
1095 3867 1171 3909 eum
1186 3847 1243 3910 illo

97 3938 224 4001 modico
247 3935 399 4020 suffragio
413 3936 499 4019 quod
522 3936 583 3998 sibi
605 3936 765 4018 disposuit
780 3936 897 3999 Divina
923 3940 1027 4021 pietas
1051 3940 1245 4020 defraudari,

97 4033 161 4095 uisi
174 4032 263 4095 aliud
279 4032 340 4095 sibi
354 4031 490 4094 obsistat
511 4032 548 4093 in
569 4029 630 4093 bac
650 4036 743 4112 parte
766 4033 954 4095 canonicum
977 4036 1062 4117 quod
1077 4058 1135 4100 nos
1151 4038 1244 4116 latet,

96 4128 332 4193 vobisfirmiter
341 4127 543 4211 injungendo
554 4126 746 4188 mandamus
757 4127 923 4207 quatinus,
936 4130 1013 4191 visis
1021 4134 1245 4212 praesentibus,

97 4225 185 4288 omni
199 4223 391 4286 difficultate
407 4228 442 4285 et
460 4223 668 4284 excusacionc
694 4221 841 4300 sublatis,
864 4225 1006 4287 eundem
1028 4229 1243 4309 presbiterum

96 4321 133 4383 in
158 4321 284 4383 dictum
317 4317 476 4401 hospitale
499 4317 727 4395 readmittatis,
752 4323 788 4379 et
819 4319 850 4380 ei
876 4317 1054 4384 exhibeatis
1079 4326 1154 4386 vitae
1179 4346 1244 4387 sure

97 4415 285 4493 necessaria,
301 4418 338 4475 ut
353 4413 490 4492 debe-tis,
505 4412 558 4477 vel
572 4412 669 4475 aliam
681 4432 821 4492 causam,
831 4415 858 4476 si
873 4435 969 4498 quam
985 4415 1131 4481 habeat-is
1146 4441 1244 4500 quare
