2992 5010
243 359 416 411 sxraacrs
441 360 540 412 saou
567 361 663 413 roas
689 359 901 427 asursrsus3
937 362 1147 415 cessamus.
1393 341 1440 415 27

112 530 262 612 paternis
299 525 483 591 affectabus
520 530 702 613 prospicere
739 529 935 608 censuimus,
970 537 1005 593 et
1042 529 1266 614 spiritualibus

112 625 236 707 quibus
260 643 432 706 possumus
456 626 660 688 munusculis
684 624 867 703 subvenire,
892 626 1100 689 devocionem
1125 632 1265 688 vestram

112 723 218 804 igitur
234 720 379 782 studiose
395 721 589 802 requirimus
605 727 640 783 et
664 722 699 782 in
714 720 853 783 Domino
867 723 1029 785 attencius
1046 720 1264 797 exhortamur,

113 817 206 879 vobis
230 817 266 877 in
290 816 517 878 remissionem
540 818 764 898 peccaminum
787 814 1019 879 nichilominus
1043 816 1264 900 injungentes,

112 922 278 994 quatenus
293 932 370 973 cum
384 919 605 993 procuratores
621 912 672 974 vel
697 912 808 974 nuncii
831 912 972 993 praefatae
992 913 1135 975 ecclesiae
1150 913 1190 973 ad
1207 932 1262 973 vos

111 1009 266 1069 venerint
289 1028 347 1089 pro
370 1006 517 1069 fidelium
533 1008 717 1070 elemosinis
739 1006 927 1090 coligendiS,
943 1010 1027 1092 ipsos
1051 1009 1085 1070 in
1109 1009 1262 1090 proximis

111 1104 268 1185 capitulis
285 1105 400 1166 vestris
415 1104 615 1167 celebrandis
630 1111 703 1186 post
718 1105 953 1186 inspcccionem
970 1106 1180 1187 praesencium
1195 1124 1261 1186 prae
1284 1120 1319 1166 To
1330 1121 1405 1170 sest·

110 1200 266 1262 omnibus
281 1199 353 1261 aliis
367 1201 523 1279 negociis,
538 1207 673 1283 excepto
687 1202 822 1283 negocio
844 1199 970 1263 fabricae
985 1201 1128 1264 ecclesias
1143 1206 1260 1263 nostrae
1285 1181 1437 1298 ,lgngffilffm

111 1295 209 1357 Beati
235 1295 326 1357 Petri
357 1295 452 1358 Ebor.
476 1294 535 1380 (ia
565 1294 717 1378 margia,
741 1296 827 1378 quod
857 1303 931 1378 post
960 1298 1077 1379 exponi
1100 1296 1259 1372 volumus,
1284 1297 1407 1346 b0s010111

109 1393 249 1476 negocio
272 1391 400 1454 fabricae
416 1392 557 1455 ecclesiae
578 1399 695 1455 nostrae
711 1393 806 1455 Ebor.
823 1394 911 1474 prius
935 1396 1090 1475 exposito.
1104 1393 1258 1455 benevole
1283 1357 1426 1473 iilffrlii'

109 1486 312 1573 admittatis)
335 1486 490 1550 benevole
513 1489 709 1565 admittatis,
725 1508 836 1549 eorum
860 1490 1032 1573 negocium
1056 1489 1259 1572 parochianis
1283 1475 1426 1583 ffi‘gfl‘ffl‘

109 1583 251 1644 subditis
268 1584 383 1644 vestris
399 1584 519 1645 efficaci
534 1585 725 1666 compendio
741 1591 950 1665 exponentes.
995 1586 1151 1668 Ipsosque
1167 1606 1259 1668 paro-
1282 1593 1355 1640 York·

108 1676 242 1740 chianos
266 1684 301 1740 et
325 1679 471 1741 subditos
496 1686 631 1759 vestros,
658 1680 719 1742 Dei
745 1685 779 1742 et
806 1681 909 1742 nostri
932 1683 1058 1743 intuitu
1085 1682 1259 1766 benignius

108 1774 284 1852 inducatis,
301 1780 340 1837 ut
363 1776 403 1837 de
427 1776 519 1838 bonis
544 1777 605 1838 sibi
627 1797 646 1837 a
669 1776 738 1839 Deo
762 1776 887 1838 collatis
911 1778 951 1838 ad
975 1778 1258 1855 restauracionem,

108 1870 333 1949 refeccionem,
350 1880 384 1934 et
408 1872 560 1935 fabricam
585 1874 745 1955 praedictae
768 1875 910 1935 ecclesiae
931 1873 1057 1957 Rypon’
1072 1875 1161 1956 larga
1183 1895 1259 1935 con·

106 1966 216 2030 ferant
239 1967 381 2029 subsidia
402 1969 556 2046 caritatis,
578 1971 613 2031 in
636 1969 753 2051 quibus
776 1968 927 2031 aeternale
949 1970 1118 2052 praemium
1142 1971 1258 2031 mereri

106 2067 266 2144 poterunt
285 2065 452 2146 accepcius
474 2085 580 2126 coram
605 2064 684 2126 Deo.
730 2065 774 2125 Et
798 2065 952 2146 quicquid
975 2064 1134 2126 coiectum
1157 2063 1257 2127 fuerit

106 2160 239 2221 nomine
255 2161 357 2242 ipsius
372 2160 517 2223 ecclesie
532 2160 674 2243 praefatis
690 2161 950 2242 procuratoribus
968 2160 1019 2222 vel
1043 2161 1171 2222 nunciis
1186 2161 1256 2223 sine

105 2251 328 2317 diminucione
343 2255 490 2337 qualibet
505 2256 651 2318 liberetis
675 2277 733 2318 seu
756 2255 882 2318 faciatis
898 2256 1101 2339 integraliter
1116 2256 1254 2319 liberari.

105 2347 172 2409 Nos
187 2356 300 2412 autem
315 2350 356 2412 de
379 2349 526 2434 ejusdem
549 2353 784 2434 omnipotentis
799 2352 860 2414 Dei
883 2353 955 2413 miti
979 2352 1198 2414 misericordia
1221 2358 1255 2415 et

105 2444 252 2527 gloriosae
278 2446 422 2529 Virginis
448 2448 561 2510 Marias
590 2449 704 2510 matris
731 2468 807 2526 suae,
837 2448 1005 2509 beatorum
1028 2448 1254 2529 Apostolorum

104 2539 195 2604 Petri
219 2549 254 2603 et
275 2542 381 2620 Pauli,
396 2563 522 2605 necnon
546 2545 737 2606 sanctissimi
753 2543 941 2606 confessoris
958 2543 1124 2621 Willelmi,
1140 2543 1253 2606 Omni·
1278 2557 1401 2606 Mausos

104 2655 225 2719 umque
256 2638 448 2700 Sanctorum
478 2640 604 2702 meritis
633 2638 842 2716 confidentes,
872 2639 1021 2701 omnibus
1052 2639 1252 2721 parochianis
1275 2616 1384 2721 fifflss

103 2736 221 2795 nostris
245 2739 280 2795 et
300 2733 373 2795 aliis
397 2755 535 2816 quorum
557 2736 730 2797 dioecesani
752 2733 835 2798 hanc
851 2741 993 2798 nostram
1009 2735 1252 2820 indulgenciam

102 2834 205 2891 ratam
221 2826 407 2907 habuerint,
422 2831 464 2893 de
478 2833 619 2912 peccatis
642 2832 709 2893 suis
732 2851 806 2892 vere
830 2832 988 2910 contritis
1004 2832 1251 2913 paenitentibus,

102 2931 137 2985 et
151 2924 316 3002 confessis,
331 2927 387 3007 qui
404 2925 500 3008 juxta
515 2925 774 2990 exhortacionem
789 2934 932 2989 nostram
948 2928 1132 3009 praedictam
1148 2928 1251 2991 eccle-

103 3021 183 3082 siam
199 3019 415 3084 relevaverint
428 3030 651 3102 memoratam,
663 3028 697 3084 et
712 3023 753 3084 ad
768 3022 921 3085 fabricam
937 3024 1085 3105 ejusdem
1100 3023 1141 3084 de
1156 3023 1249 3086 bouis

102 3115 192 3177 sibia
207 3116 276 3179 Deo
285 3116 410 3179 collatis
419 3138 535 3181 manus
545 3119 744 3201 porrexerint
757 3117 943 3200 adjutrices,
952 3119 1165 3201 quadraginta
1179 3119 1248 3182 dies
1274 3130 1422 3190 Indulgancs

100 3211 140 3273 de
156 3210 305 3294 injuncta
326 3213 387 3275 tibi
404 3215 611 3295 poenitencia,
630 3215 699 3276 Deo
713 3215 866 3296 propicio,
883 3215 1131 3276 misericorditer
1146 3214 1249 3275 relax·
1273 3191 1371 3308 3232&

100 3326 202 3383 amus,
217 3308 443 3391 indulgencias
464 3332 483 3372 a
499 3309 737 3372 venerabilibus
754 3311 900 3392 patribus
916 3310 1113 3391 coepiscopis
1128 3311 1248 3371 nostris

100 3405 191 3486 regni
208 3404 335 3487 Angliae
349 3406 389 3467 ad
406 3406 439 3467 id
455 3427 630 3484 concessas
642 3414 677 3468 ct
691 3407 726 3467 in
742 3415 909 3488 posterum
920 3405 1150 3482 concedendas,
1162 3417 1248 3469 ratas

101 3496 257 3561 habentes
271 3502 392 3582 pariter
408 3508 443 3563 et
457 3511 614 3584 acceptas.
646 3504 684 3564 In
702 3501 807 3584 cujuS,
823 3509 884 3564 etc.
922 3502 1007 3563 Data
1022 3502 1109 3583 apud
1126 3501 1249 3584 Scrobi,

99 3593 209 3657 Nonas
224 3596 246 3658 J
248 3597 330 3674 unii,
345 3598 438 3659 Anno
452 3600 568 3682 graciae
584 3600 634 3661 Μο
649 3606 755 3676 c⁰c⁰c⁰,
771 3605 806 3660 et
821 3599 1028 3681 pontificatus
1044 3603 1106 3663 etc.

163 3785 338 3871 T(homas)
348 3794 412 3853 etc.
425 3791 554 3853 dilectis
566 3792 600 3852 in
614 3790 741 3854 Christo
756 3790 831 3852 filiis
846 3790 988 3872 capitulo
1003 3795 1113 3852 nostro
1122 3789 1247 3873 Rypon’
1271 3806 1312 3865 (aa
1321 3806 1356 3863 υ.)

97 3882 148 3944 vel
172 3883 244 3966 ejus
269 3885 355 3947 vices
384 3887 523 3970 gerenti,
551 3887 700 3967 salutem,
731 3888 883 3971 graciam,
908 3894 942 3948 et
971 3886 1244 3950 benediccionem.
1269 3865 1401 3982 ffuly¹1³⁰⁰'

97 3978 246 4043 Liberale
270 3982 402 4043 domino
424 3981 567 4045 Johanni
592 3982 632 4045 de
660 3984 748 4046 Leek
772 4004 876 4045 unum
900 3984 1080 4044 tentorium
1107 3983 1244 4065 simplex
1270 4004 1352 4050 Isara

96 4078 332 4159 novum‚qucd,
348 4078 439 4140 bonae
454 4080 617 4140 memoriae
627 4077 776 4142 Johanne
791 4081 1022 4162 praedecessore
1038 4083 1146 4140 nostro
1159 4079 1243 4141 viam
1268 4064 1421 4184 gfflgm)

95 4173 253 4235 universae
280 4175 385 4235 carnis
411 4176 566 4258 ingresso,
593 4195 692 4256 penes
718 4196 773 4237 vos
803 4176 923 4237 dicitur
950 4195 1019 4236 esse
1045 4173 1242 4255 depositum,
1267 4182 1357 4226 domm

93 4273 223 4330 retento
238 4269 379 4350 quodam
401 4269 464 4331 alio
487 4271 629 4332 tentorio
651 4270 765 4352 majori
780 4271 901 4352 duplici
917 4290 1084 4352 quousque
1107 4291 1126 4331 a
1148 4269 1242 4331 nobis
1267 4239 1412 4358 i'ffli‘d’

93 4363 181 4427 aliud
197 4363 379 4429 habueritis
390 4367 425 4429 in
440 4367 613 4430 mandatis.
653 4368 781 4431 Valetc.
819 4369 903 4431 Data
917 4369 1005 4452 apud
1017 4369 1154 4445 Lanum,
1167 4365 1241 4428 Kal.
1266 4358 1398 4469 lgm..

94 4460 187 4541 Julii,
202 4462 409 4544 pontificatus
424 4464 531 4527 nostri
541 4484 626 4527 anno
640 4464 753 4548 primo.
