2992 5010
649 328 857 382 usuosuts
882 330 928 382 Ol*
953 330 1073 382 RIPON.

278 514 353 557 rum
372 498 555 558 nostrorum
576 495 778 573 tractoribus,
793 517 851 558 seu
874 497 908 558 in
925 497 972 559 eis
987 497 1039 559 vel
1060 518 1172 560 eorum
1194 498 1302 581 aliquo
1317 504 1427 560 contra

279 590 481 653 voluntatem
496 596 639 653 nostram
654 591 738 654 feras
754 612 811 654 seu
824 592 926 654 feram
942 593 1156 674 capientibus,
1167 614 1205 655 ac
1221 596 1319 656 etiam
1336 614 1428 655 sanc-

279 686 463 748 timoniales
483 687 697 768 rapientibus,
711 687 764 749 vel
784 707 860 749 cum
880 689 928 750 eis
947 688 1118 750 carnaliter
1132 691 1427 767 commiscentibus,

277 781 438 844 duntaxat
460 783 613 863 exceptis,
636 783 722 845 vices
750 787 875 845 nostras
894 785 1129 846 committimus
1157 806 1215 867 per
1242 792 1428 866 praesentes,

278 897 359 958 quas
373 877 435 940 tibi
450 878 519 940 fieri
533 877 669 940 fecimus
684 883 846 960 patentes,
857 898 916 961 per
929 899 1033 942 unum
1048 901 1170 942 annum
1186 901 1205 942 a
1220 882 1296 942 data
1312 901 1428 942 earun-

278 971 354 1033 dem
373 974 526 1035 continue
547 975 784 1036 numcrandum
807 974 990 1036 duraturas.
1042 976 1117 1037 Dat.
1141 976 1229 1058 apud
1251 974 1378 1057 Thorp’,
1393 975 1424 1057 xj

279 1067 343 1131 ΚἸ.
358 1069 484 1148 blaseii,
499 1070 540 1131 Αο
555 1074 595 1153 g’
609 1069 660 1130 M⁰
674 1075 762 1131 ccc¹¹¹⁰
776 1069 880 1152 xxiij⁰‚
897 1075 931 1132 et
945 1076 1036 1151 pont.
1051 1074 1153 1132 nostri
1168 1071 1236 1154 vij0.

103 1220 161 1280 (ss)
349 1203 546 1284 Willelmus,
579 1208 653 1283 etc,
683 1204 860 1267 venerabili
889 1205 925 1266 in
950 1203 1076 1268 Christo
1105 1207 1191 1288 patri
1220 1207 1351 1267 domino
1380 1206 1424 1269 J.¹

102 1279 233 1397 fflff·
279 1295 343 1360 Dei
365 1299 473 1382 gracia
496 1298 725 1380 Wyntoniensi
748 1301 906 1382 episcopo,
922 1301 1073 1377 salutem,
1088 1307 1123 1362 et
1145 1302 1302 1362 sinceram
1317 1302 1350 1361 in
1368 1302 1425 1362 do-

106 1420 237 1467 mm
278 1394 368 1455 mino
382 1395 562 1457 caritatem.
608 1393 690 1458 Cum
704 1394 856 1457 dominus
877 1395 1035 1457 Ricardus
1051 1396 1091 1458 de
1112 1396 1144 1456 la
1159 1397 1234 1473 Lee,
1250 1397 1423 1457 canonicus

102 1480 252 1584 &mg
278 1489 420 1551 ecclesiae
450 1487 583 1573 (nostras
612 1488 851 1575 uaderdotted)
880 1489 1016 1573 Rypon',
1052 1496 1169 1552 nostrae
1199 1491 1357 1567 dioecesis,
1387 1511 1423 1551 ao

98 1544 219 1657 w
278 1583 517 1666 praebendarius
542 1585 721 1667 praebendae
745 1585 786 1648 de
813 1585 966 1668 Stodlcye
995 1586 1030 1647 in
1057 1586 1183 1662 eadem,
1207 1606 1244 1647 ac
1276 1586 1425 1647 dominus

101 1654 248 1774 mg
278 1677 445 1742 lohannes
470 1679 501 1741 lc
529 1679 647 1759 Smale‚
662 1687 766 1743 rector
791 1681 932 1743 ecclesiae
957 1680 999 1743 de
1029 1678 1294 1763 Bletchinglegh,
1309 1687 1425 1741 vestrre

102 1772 196 1889 ‘ff
211 1834 234 1877 a
278 1775 436 1855 dioecesis‚
451 1773 639 1857 hujusmodi
657 1796 716 1839 sua
730 1776 888 1839 beneficia
911 1775 1087 1838 intendant
1107 1777 1194 1837 inter
1216 1796 1250 1837 se
1273 1776 1424 1837 informa

101 1862 220 1993 2ιᾶοῷ
274 1868 358 1954 juris
374 1890 413 1932 ex
427 1872 524 1933 certis
538 1871 644 1933 causis
659 1877 694 1934 et
707 1871 865 1955 legitimis
880 1876 996 1934 mutuo
1010 1876 1207 1953 permutare,
1218 1871 1298 1932 dum
1313 1877 1424 1933 tamen

101 2020 129 2051 αἱ

130 2020 196 2052 m
278 1986 425 2029 assensus
448 1971 483 2028 et
503 1968 679 2029 auotoritas
702 1986 813 2029 eorum
827 1987 966 2051 quorum
988 1967 1126 2028 interest
1150 1968 1365 2028 intervenerit
1388 1968 1423 2028 in

101 2063 234 2182 &wi
278 2060 339 2125 hac
361 2066 465 2143 parte,
485 2061 563 2139 Nos,
578 2063 783 2143 quorundam
807 2063 968 2124 instancia
993 2062 1154 2143 requisiti,
1176 2066 1290 2124 vestrae
1317 2068 1424 2143 pater-

102 2182 166 2228 ma
176 2187 219 2230 aa.
278 2157 377 2219 nitati
406 2158 599 2235 reverendae,
613 2157 654 2220 de
681 2157 774 2240 cujus
799 2158 944 2240 puritate
966 2158 1172 2220 conscienciae
1194 2158 1325 2238 plenam
1341 2156 1424 2218 fidu·

277 2253 361 2314 ciam
373 2252 569 2331 obtinemus,
580 2252 621 2314 ad
636 2254 867 2335 inquirendum
879 2254 920 2316 de
931 2254 1036 2315 causis
1046 2254 1298 2335 permutacionis
1310 2250 1424 2334 hujus-

277 2347 366 2409 modi
382 2353 421 2410 ut
434 2348 646 2429 praemittitur
660 2349 827 2428 faciendae‚
837 2348 1088 2411 examinandum
1104 2349 1206 2410 eciam
1221 2352 1256 2409 et
1271 2350 1423 2410 canonice

277 2443 513 2524 acceptandum
548 2444 690 2521 easdem,
716 2446 1057 2527 permutacionemque
1091 2441 1278 2524 hujusmodi
1300 2442 1422 2505 facien-

277 2537 357 2600 dum
378 2558 416 2600 ac
432 2543 593 2620 quatenus
616 2539 658 2601 ad
681 2560 740 2602 nos
764 2540 908 2622 pertinet
929 2538 1025 2621 juxta
1047 2539 1231 2600 sancciones
1253 2539 1422 2600 canonicas

276 2634 530 2716 approbandum,
552 2633 750 2717 praefatoque
777 2635 908 2697 domino
935 2631 1078 2696 Johanni
1108 2634 1139 2694 le
1166 2632 1274 2694 Smale
1299 2633 1421 2695 dictam

276 2729 483 2811 prebendam
506 2729 547 2792 de
570 2729 704 2811 Stodlay
719 2735 827 2791 nostro
848 2728 981 2792 nomine
1003 2726 1064 2790 hac
1086 2729 1155 2789 vice
1178 2726 1420 2804 conferendum,

277 2845 352 2889 cum
376 2827 443 2888 suis
464 2825 594 2907 juribus
620 2830 656 2888 et
680 2824 890 2907 pertinenciis
914 2823 1074 2886 universis
1086 2845 1096 2899 ;
1125 2825 1263 2904 receptis
1285 2844 1343 2904 per
1366 2844 1420 2884 vos

275 2921 427 3003 primitus
449 2921 609 2983 dictorum
631 2920 763 2982 Ricardi
789 2923 823 2981 et
845 2917 1004 2983 lobannis
1030 2919 1304 3002 resignacionibus
1327 2919 1421 2980 factis

275 3018 427 3078 canonice
457 3017 492 3078 in
519 3014 579 3078 hac
608 3021 712 3098 parte,
732 3020 893 3077 reservata
918 3014 1010 3076 nobis
1036 3019 1198 3097 potestate
1222 3013 1362 3076 faciendi
1384 3036 1421 3076 ae

275 3112 452 3174 mandandi
474 3112 599 3174 dictum
621 3109 804 3174 Johanncm
834 3111 865 3172 lc
891 3109 999 3172 Smale
1025 3109 1137 3171 induci
1163 3110 1198 3170 in
1222 3109 1421 3189 corporalem

275 3209 508 3289 possessionem
531 3207 712 3288 praebendae
737 3207 779 3269 de
810 3205 944 3288 Stodlay
973 3205 1147 3287 praedictas,
1170 3205 1420 3285 canonicamque

275 3303 497 3366 obedienciam
512 3302 553 3365 ab
569 3304 682 3371 eodem
696 3303 875 3385 recipiendi
889 3305 924 3364 et
938 3301 1002 3363 alia
1018 3301 1204 3363 excercendi
1217 3300 1299 3362 circa
1313 3300 1420 3381 ipsum

274 3400 401 3460 racione
427 3397 606 3480 praebendae
632 3396 832 3480 hujusmodi,
846 3417 919 3479 quae
943 3397 985 3458 ad
1014 3417 1073 3460 nos
1097 3397 1233 3459 ulterius
1255 3396 1422 3477 pertinent

275 3493 316 3556 de
341 3493 575 3555 consuetudine
602 3493 700 3554 etde
723 3491 809 3573 jure,
833 3493 919 3554 vices
949 3497 1075 3553 nostras
1099 3491 1333 3553 committimus
1363 3512 1421 3572 per

275 3594 460 3673 praesentes,
469 3592 620 3672 rogantes
635 3591 672 3648 ut
688 3586 730 3647 de
744 3606 895 3668 processu
909 3590 1017 3647 vestro
1032 3587 1067 3647 in
1078 3583 1139 3648 hac
1153 3591 1245 3666 parte
1261 3584 1420 3664 babendo,

275 3707 334 3748 nos
349 3705 407 3767 per
422 3685 546 3746 dietum
560 3684 581 3746 J
582 3680 744 3743 ohannem
759 3681 811 3743 vel
827 3680 897 3763 ejus
911 3685 1148 3763 procuratorem
1163 3680 1272 3742 velitis
1286 3681 1419 3743 reddere

276 3782 428 3844 cerciores
449 3799 508 3859 per
525 3782 646 3840 vestras
669 3780 820 3857 patentes
845 3776 955 3838 literas
980 3773 1096 3836 harum
1120 3780 1156 3837 et
1177 3773 1323 3857 ejusdem
1347 3797 1420 3857 pro·

276 3896 383 3938 cessus
410 3875 525 3936 seriem
545 3873 760 3934 continentes.
805 3869 847 3931 In
868 3869 1082 3950 prosperitate
1106 3869 1233 3930 diutina
1256 3873 1291 3931 et
1313 3873 1421 3934 votiva

275 3972 437 4053 adaugeat
452 3968 610 4030 Dominus
625 3967 694 4028 dies
709 3971 842 4028 vestras.
877 3965 953 4026 Dat.
968 3963 1055 4046 apud
1071 3962 1215 4042 (lawode,
1230 3964 1280 4027 Id.
1290 3967 1421 4048 Aprilis,

276 4066 371 4128 Anno
386 4064 502 4146 gracioe
518 4062 568 4124 Μο
583 4066 647 4123 ccc⁰
661 4059 765 4143 xxiiij,
780 4064 815 4122 et
828 4063 920 4142 pont.
935 4061 1038 4122 nostri
1054 4060 1203 4142 septimo.

103 4227 161 4287 (418
171 4225 206 4285 ι.)
340 4206 534 4283 Willelmus,
550 4208 624 4282 etc,
640 4204 768 4266 dilectis
783 4205 860 4266 filiis
875 4205 1039 4289 magistris
1061 4206 1203 4269 Roberto
1222 4207 1264 4270 de
1284 4208 1421 4290 Rypon’,

100 4286 231 4404 2¹33&
275 4303 427 4367 canonico
450 4302 590 4364 ecclesias
617 4307 733 4363 nostrae
762 4299 920 4383 ejusdem,
944 4305 979 4363 et
1008 4301 1151 4366 Johanni
1174 4303 1215 4365 de
1239 4304 1420 4386 Kernetby,

433 4419 474 4488 (1)
492 4418 566 4473 John
579 4417 612 4471 dc
625 4416 771 4486 Stratiord,
783 4417 876 4472 transl.
888 4422 918 4472 to
931 4419 1102 4490 Canterbury
1114 4434 1168 4474 sn.
1184 4421 1260 4474 1333.
