2992 5010
251 335 423 388 nxrascrs
450 335 547 388 raon
574 335 669 388 rona
695 328 908 400 aaoisraas3
936 335 1013 386 aaa.
1308 316 1379 392 179

58 509 93 567 et
107 504 333 585 comperimus,
349 508 383 566 et
397 491 565 567 evidenter
579 504 671 567 nobis
693 507 830 582 constat,
844 504 979 567 domum
994 503 1204 586 capitularem
1229 512 1281 558 The
1290 512 1362 572 chap-

57 600 199 663 eeaesae
222 599 400 684 sonegias
422 599 690 664 sanes-wasia
713 600 859 684 asponae
877 601 912 663 in
934 599 1122 683 parietibus,
1136 605 1205 663 tec*
1229 571 1375 690 3¹33,

56 702 141 774 tura,
157 701 191 758 et
211 695 373 778 lapidibus
396 717 549 782 magnam
570 700 603 759 et
622 696 792 780 ingentem
810 698 880 779 pati
902 697 1041 774 ruinam,
1056 697 1104 759 ita
1118 696 1205 779 quod
1230 690 1383 796 ww

57 794 92 855 in
107 793 196 855 brevi
220 792 260 854 de
276 792 443 855 verisimili
465 794 592 856 ruitura
615 794 658 856 sit
679 792 743 855 nisi
766 793 872 855 eidem
892 793 990 855 citius
1012 798 1206 870 occurratur,

56 891 181 952 incuria
197 896 231 951 et
253 888 454 973 necligencia
475 890 702 952 canonicorum
724 889 819 952 dieta
835 888 976 952 ecclesia
998 890 1055 971 qui
1070 889 1206 952 eandem

57 986 186 1048 reficere
203 991 237 1047 et
252 1005 398 1066 reparare
421 990 577 1048 tenentur
586 1007 595 1062 3
618 985 741 1048 Idcirco
755 1006 825 1064 nos,
841 1006 880 1047 ex
896 986 999 1047 causis
1021 985 1205 1067 praemissis,

58 1102 170 1144 omnes
200 1085 236 1143 et
264 1083 410 1165 singulos
447 1082 582 1161 fructus,
612 1082 768 1162 redditus,
798 1088 984 1165 proventus,
1015 1081 1207 1159 oblaciones,

58 1177 210 1254 decimas,
225 1198 262 1240 ac
285 1178 504 1241 emolumenta
525 1199 598 1262 quae
615 1179 656 1241 ad
678 1179 896 1242 communiam
912 1180 979 1241 sive
1000 1197 1208 1240 communem

59 1294 205 1336 mensam
228 1275 454 1337 canonicorum
476 1276 571 1338 dictae
594 1275 736 1338 ecclesiae
759 1279 907 1358 spectant
922 1280 957 1337 et
978 1275 1157 1357 pertinent,
1172 1274 1208 1335 in

57 1369 123 1432 hiis
153 1371 280 1452 scriptis
318 1376 556 1452 sequestramus
588 1392 626 1434 ac
659 1376 858 1454 sequestrata
888 1370 954 1433 fore
993 1371 1208 1446 decernimus,

58 1466 275 1548 discretosquc
288 1468 371 1529 viros
385 1467 555 1530 dominum
567 1469 813 1531 Marmaducum
828 1467 979 1531 abbatem
994 1467 1035 1529 de
1047 1465 1209 1528 Fontibus

59 1568 94 1623 et
124 1563 292 1624 dominum
323 1560 557 1625 Christoferum
587 1564 684 1642 Seall,
711 1565 806 1626 dictae
836 1563 978 1627 ecclesiae
1008 1563 1209 1640 canonicum,

58 1655 247 1740 hujusmodi
276 1660 380 1722 nostri
409 1661 567 1742 sequestri
602 1661 750 1722 custodes
788 1661 994 1743 deputamus,
1023 1657 1211 1721 inhibentes

59 1756 217 1817 universis
240 1759 275 1816 et
297 1756 435 1839 singulis
451 1755 735 1820 christifidelimus
756 1755 837 1841 (sic)
855 1777 897 1819 ne
920 1757 992 1838 quis
1016 1755 1067 1817 vel
1089 1755 1146 1836 qui
1168 1753 1209 1817 ad

59 1848 246 1933 hujusmodi
265 1851 401 1931 fructus,
415 1854 573 1930 redditus,
587 1859 774 1935 proventus,
789 1854 941 1930 decimas,
957 1857 992 1914 et
1017 1851 1209 1928 oblaciones,

59 1966 175 2008 manus
186 1949 374 2010 temerarias
386 1956 529 2031 apponat
540 1949 592 2012 vel
607 1954 782 2031 apponant,
792 1954 851 2012 aut
860 1946 1048 2032 hujusmodi
1060 1952 1208 2009 nostrum

60 2049 263 2125 sequestrum
279 2045 413 2123 violent,
430 2045 489 2108 sub
504 2065 599 2128 poena
609 2045 704 2128 juris.

125 2138 226 2200 Lecta
262 2159 321 2220 per
349 2139 523 2221 praefatum
552 2139 857 2201 reverendissimum
887 2143 1013 2221 patrem
1051 2138 1210 2220 archiepi-
1238 2151 1347 2257 assub(

60 2253 192 2315 scopum
202 2234 406 2296 antedictum
417 2236 450 2296 in
461 2235 556 2297 domo
571 2236 733 2296 revestriae
748 2235 923 2313 antedicto,
933 2233 1022 2296 dicto
1037 2233 1143 2317 primo
1157 2233 1210 2295 die
1237 2213 1357 2330 {mig

32 2406 35 2410 Δ
60 2330 181 2391 mensis
196 2329 354 2408 Octobris,
370 2332 463 2393 Anno
478 2331 611 2394 Domini
625 2330 819 2412 supradicto.
1236 2331 1366 2452 ΨΜ·

126 2522 312 2604 Edwardus‚
335 2525 546 2607 permissione
575 2526 686 2588 divina
708 2523 917 2587 Eboracensis
943 2522 1212 2607 archiepiscopus,
1238 2534 1310 2594 (ias)

60 2617 185 2701 Anglise
194 2620 314 2702 primas
326 2624 360 2682 et
369 2621 647 2702 metropolitanus,
658 2622 853 2683 auctoritate
863 2620 986 2683 domini
998 2621 1100 2682 nostri
1111 2620 1212 2704 Regis
1237 2606 1291 2700 ὃζζ
1302 2593 1368 2701 {2³⁸

61 2717 202 2796 supremi
213 2717 331 2798 capitis
342 2716 485 2779 ecclesias
493 2718 680 2802 Anglicanae
692 2719 850 2795 munitus,
861 2717 1020 2780 universis
1030 2723 1064 2779 et
1075 2717 1213 2801 singulis
1238 2735 1350 2783 acoleia

60 2811 249 2890 rectoribus,
266 2813 401 2890 vicariis,
417 2813 591 2895 capellanis
613 2815 732 2876 curatis
756 2818 790 2876 et
807 2834 872 2875 non
895 2814 1025 2891 curatis,
1040 2813 1163 2875 clericis
1179 2825 1213 2875 et
1237 2794 1391 2915 {Zffffil'

60 2905 198 2969 literatis
221 2907 478 2991 quibuscumque
501 2930 559 2992 per
581 2910 746 2973 dioecesim
760 2909 996 2971 Eboracensem
1015 2909 1212 2989 constitutis,
1237 2938 1295 2998 (135
1306 2937 1341 2997 s.)

61 3002 210 3081 salutem,
226 3005 379 3088 graciam,
396 3011 430 3067 et
445 3005 719 3067 benediccionem.
765 3004 848 3068 Cum
871 3005 1034 3066 notorium
1050 3004 1094 3065 sit
1108 3003 1212 3066 eccle-

61 3098 141 3159 siam
156 3105 299 3162 nostram
318 3099 522 3183 collegiatam
539 3101 650 3164 Sancti
666 3099 809 3161 Wiliridi
823 3099 970 3181 Riponiae
984 3099 1079 3161 dictae
1094 3106 1211 3161 nostrae
1235 3109 1287 3156 The
1293 3110 1388 3182 caussa

61 3193 270 3256 Eboracensis
287 3196 432 3257 dioecesis
448 3197 528 3259 adeo
543 3216 674 3279 gravem
690 3196 815 3257 minare
830 3195 959 3256 ruinam
981 3198 1021 3255 ut
1035 3193 1099 3255 nisi
1113 3195 1211 3256 citius
1235 3168 1390 3277 ffiffiffl

60 3288 166 3350 eidem
183 3289 268 3353 malo
284 3296 469 3353 occurratur
484 3291 659 3354 verisimile
676 3292 719 3353 sit
734 3292 769 3352 in
784 3290 874 3352 brevi
890 3289 1027 3352 eandem
1043 3289 1211 3353 ecclesiam
1235 3287 1364 3395 ffiffissfif

60 3387 188 3468 magnis
209 3386 381 3448 deformari
403 3388 517 3465 ruinis,
532 3388 566 3449 in
582 3408 679 3472 grave
695 3388 796 3469 ipsius
819 3384 961 3448 ecclesiae
983 3385 1210 3467 dispendium
1321 3360 1364 3406 ¹¹⁸⁸
1387 3443 1390 3449 .

60 3481 205 3543 volentes
221 3483 325 3566 igitur
336 3484 497 3565 praedictis
509 3485 623 3562 ruinis,
635 3489 795 3566 quantum
807 3484 841 3545 in
854 3481 945 3544 nobis
961 3487 1022 3561 est,
1033 3483 1210 3567 providere,

59 3584 93 3640 ct
109 3599 207 3660 super
229 3579 352 3642 eisdem
375 3586 552 3643 tractatum
579 3581 826 3644 convenientem
852 3599 926 3641 cum
945 3581 1107 3642 canonicis
1125 3580 1211 3664 ejus·

59 3673 134 3735 dem
160 3675 302 3737 ecclesiae
328 3675 458 3757 habere,
479 3678 597 3740 idcirco
624 3678 753 3739 eosdem
778 3696 854 3759 erga
879 3676 966 3739 diem
993 3676 1210 3759 subscriptum

58 3771 179 3831 evocari
207 3777 241 3831 et
267 3773 359 3833 citari
386 3773 597 3836 decrevimus.
644 3772 743 3835 Vobis
773 3772 876 3855 igitur
902 3772 1149 3851 committimus,
1175 3781 1209 3836 et
1233 3787 1385 3858 Thecsnons

58 3870 169 3928 tenore
181 3869 391 3949 praesentium
402 3871 605 3948 mandamns,
615 3873 776 3951 quatenus
787 3869 896 3930 citetis
912 3886 969 3931 seu
980 3869 1071 3932 citari
1083 3868 1208 3933 faciatis
1233 3846 1371 3951 {ssffi‘d

57 3967 273 4047 peremptorie
305 3967 474 4029 dominum
505 3967 739 4031 Christoferum
770 3966 920 4050 Dragley‚
951 3968 1207 4049 praebendarium
1232 3965 1385 4068 ⁸”d⁰⁴}1,¹¹⁸¹¹¹l

57 4061 237 4143 praebendae
252 4062 292 4124 de
314 4063 483 4141 Monkton,
499 4067 534 4124 et
548 4064 718 4126 dominum
733 4062 980 4125 Marmaducum
1002 4062 1150 4126 abbatem
1167 4065 1208 4127 de
1232 4036 1349 4129 liubase

59 4158 230 4235 Fontibus,
254 4159 510 4239 praebendarium
540 4159 719 4240 praebendae
744 4159 786 4221 de
811 4156 949 4240 Thorpe,
975 4165 1009 4221 et
1038 4160 1208 4224 dominum

58 4251 292 4315 Christoferum
325 4254 421 4330 Seall,
451 4254 709 4336 praebendarium
741 4254 920 4336 praebendae
951 4254 991 4315 de
1021 4254 1207 4339 Stangvvilre

58 4349 93 4408 in
117 4350 241 4425 eadem,
258 4371 294 4411 ac
318 4351 464 4411 omnium
487 4349 622 4412 aliorum
644 4350 793 4434 ejusdem
817 4349 959 4412 ecclesiae
982 4352 1207 4415 canonicorum

59 4443 245 4506 absencium
273 4450 505 4526 procuratores,
527 4445 613 4525 quod
638 4448 854 4527 compareant,
872 4450 905 4506 et
932 4464 1042 4507 eorum
1069 4447 1207 4529 quilibet

606 4553 655 4604 sa
