2992 5010
159 350 336 404 nxrmcrs
360 350 460 404 rsoh
483 352 581 405 ιοιιιι
606 352 819 417 ausurus&
846 351 1072 404 cerasumto
1099 331 1181 427 (ιι).

94 518 207 581 literas
229 517 378 602 ejusdem
393 519 539 583 officialis
559 521 664 584 nostri
687 521 781 584 nobis
803 541 900 602 super
921 518 985 581 hiis
1009 520 1147 581 directas
1169 537 1245 580 con-

95 615 184 675 stitit
204 614 389 692 evidenter,
403 615 439 677 in
465 636 531 698 qua
547 618 657 679 animo
680 617 834 679 indurato
855 614 962 678 adhuc
984 615 1157 696 persistere
1179 633 1245 675 non

93 707 258 787 formidat,
274 729 311 771 ac
326 710 392 772 illis
407 712 475 773 sint
489 717 665 793 proventus
675 712 886 792 ecclesiastici
895 712 1013 773 merito
1023 707 1247 785 subtrahendi,

92 804 212 885 quibus
227 804 372 867 ecclesias
395 808 581 869 communio
603 808 784 891 denegatur
802 807 900 889 juxto
914 808 1067 869 canonica
1092 805 1246 866 institute

91 944 136 1056 λ.
165 898 216 963 We
232 897 338 1059 pratici·
360 898 431 964 thar
455 898 505 965 the
525 900 675 987 pretend
701 900 736 967 bc
758 900 988 985 acquestrctecl.
1032 900 1172 987 (eawod.
1196 899 1245 962 Id.

118 1015 169 1076 pr.
183 998 268 1057 a⁰⁰

161 1139 349 1205 Ordr'soccio
360 1149 536 1227 perpetue
551 1141 715 1208 coctam're
729 1140 771 1206 ιιι
786 1141 916 1227 capella
930 1140 1031 1226 iufra
1045 1138 1244 1205 manerium
1270 1142 1399 1247 (71(1)14

94 1234 233 1299 domiui
248 1235 505 1323 Arcbiepiscopc‘
519 1239 654 1323 Rppon'
668 1239 883 1302 0000010000.)
1269 1259 1369 1308 coare.

160 1331 238 1417 (See
252 1333 366 1413 above,
382 1335 469 1397 ιοι.
459 1356 481 1398 ι.
497 1333 640 1421 0157.)

159 1468 410 1532 Memorandum
438 1470 526 1552 quod
551 1471 604 1533 die
628 1470 745 1532 Martis
768 1491 855 1552 prox.
885 1476 960 1579 post
985 1468 1106 1532 festum
1131 1463 1282 1532 Sancti(
1268 1463 1358 1568 (777)
1295 1463 1372 1568 131
1375 1525 1398 1569 4

95 1564 191 1627 Lucae
216 1565 445 1649 Evangelistae,
466 1566 553 1648 apud
579 1564 715 1649 Rypon’‚
730 1586 815 1627 anno
840 1567 955 1649 graciae
976 1565 1027 1627 Μο
1036 1572 1111 1627 ccc¹n
1113 1563 1243 1647 οιιιιι),
1268 1534 1370 1628 beosa

94 1660 236 1723 contulit
263 1662 420 1745 magistro
443 1661 609 1724 Willelmo
639 1661 828 1744 Sweyneby‚
852 1661 1040 1743 presbitero,
1066 1662 1243 1723 cantariam
1268 1662 1381 1767 &m

95 1744 227 1836 000011ιο
242 1775 308 1819 suae
322 1755 408 1818 infra
429 1757 611 1819 manerium
627 1777 723 1819 suum
738 1757 780 1819 dc
802 1755 928 1838 Rypon’
943 1762 1148 1832 constructe,
1163 1759 1203 1817 ut
1223 1775 1244 1816 s
1266 1786 1382 1840 W„

95 1849 179 1913 festo
193 1849 307 1914 Sancti
321 1851 458 1913 Martini
469 1856 589 1914 extunc
603 1872 693 1934 prox.
704 1852 855 1935 sequenti
869 1857 1024 1935 agnoscat
1038 1871 1120 1914 onus
1136 1850 1243 1912 eidem
1269 1838 1360 1898 7777*
1369 1838 1393 1910 “T
1393 1839 1420 1885 '¹⁸'

94 1946 249 2008 canteriae
263 1946 468 2023 incumbens,
484 1952 546 2010 etc.
1268 1913 1297 2000 {i
1303 1913 1407 2015 'ia-W

159 2082 356 2161 Willelmus,
370 2084 581 2167 permissione
595 2083 715 2146 Divina
726 2084 821 2148 Ebor’
831 2081 1101 2166 archiepiscopus,
1117 2082 1243 2167 Angliae
1269 2080 1397 2186 (791314

94 2198 229 2260 prrmas,
265 2178 385 2242 dilecto
420 2179 532 2242 filio.
556 2182 756 2264 ‚magistro
785 2179 952 2241 Willelmo
981 2179 1022 2241 de
1054 2177 1242 2261 Swayneby,
1268 2198 1330 2244 ιιον.
1342 2200 1378 2245 ιι.

94 2273 240 2384 diacono,
252 2273 417 2337 salntem
406 2296 442 2337 m
457 2274 605 2338 omnium
621 2275 797 2339 Salvatore.
842 2275 1039 2357 Perpetuam
1054 2274 1320 2353 cantariam,0⁰1!

95 2388 194 2451 quam
208 2370 245 2431 in
259 2369 381 2452 ospello
396 2375 507 2433 nostra
528 2390 612 2433 nova
637 2369 721 2432 infra
743 2370 924 2432 manerium
947 2375 1095 2433 nostrum
1118 2368 1278 2479 Rypon'·
1267 2343 1392 2504 {effi

95 2469 291 2542 constructa,
314 2465 354 2528 (10
377 2485 536 2529 consensu
560 2466 666 2528 nostri
689 2465 825 2547 capituli
847 2465 951 2544 Ebor’‚
976 2472 1010 2529 et
1039 2466 1305 2529 concessionem

95 2561 187 2645 regia
210 2560 332 2642 pariter
346 2561 556 2639 accedente,
546 2582 581 2623 ιιι
605 2559 726 2623 honore
750 2561 860 2623 Sancti
885 2512 1029 2624 Wiifridi
1053 2561 1242 2624 confessoris

95 2655 249 2719 duximus
277 2655 498 2735 ordinandum,
523 2656 587 2719 tibi
616 2655 812 2719 conferimus
843 2657 969 2719 intuitu
993 2658 1145 2719 caritatis.
1193 2657 1244 2718 Ita

96 2749 250 2814 videlicet
274 2751 361 2833 quod
382 2752 419 2813 in
440 2751 528 2814 dicta
550 2751 674 2835 capella
703 2751 845 2814 celebres
869 2752 957 2814 omni
984 2752 1037 2814 die
1071 2756 1242 2834 postquam

149 2883 195 2955 (l)
212 2883 386 2956 Archbiahop
398 2883 502 2939 Melton
512 2885 567 2939 had
578 2883 761 2940 considerable
773 2882 879 2938 trouble
891 2885 1009 2954 through
1021 2884 1102 2953 being
1113 2885 1198 2939 called
1208 2902 1242 2938 on

96 2968 126 3016 ιο
145 2980 200 3034 pay
219 2963 292 3017 loos.
304 2963 357 3018 dus
377 2969 407 3017 to
427 2963 475 3017 the
494 2962 594 3018 Orown
614 2962 657 3016 for
674 2981 691 3018 a
711 2962 812 3018 licence
831 2969 860 3016 to
879 2963 975 3016 endow
993 2962 1048 3017 this
1071 2964 1194 3033 chentry,
1214 2980 1244 3016 as

95 3040 589 3191 77)
601 3118 909 3191 ....
923 3041 1034 3187 ιιι.

95 3197 177 3253 mor.
212 3198 276 3253 Rex
284 3199 395 3267 eisdem,
408 3198 462 3271 [io.
474 3198 642 3252 thesaurario
651 3205 680 3253 et
690 3198 837 3253 baronibus
849 3197 904 3251 suis
911 3198 945 3251 de
957 3195 1242 3266 scaccario]‚aalutem.

95 3274 262 3343 Monstravit
281 3277 361 3332 nobis
379 3276 541 3332 venerabilis
561 3284 638 3347 pater
659 3277 823 3345 Willelmus,
841 3276 1056 3347 archiepiscopus
1076 3273 1156 3327 Ebor.
1169 3274 1243 3344 quod

96 3370 161 3409 cnm
171 3355 299 3427 magister
311 3355 468 3410 Willelmus
484 3355 519 3410 do
536 3355 681 3410 Grenefsld
698 3373 783 3428 nuper
804 3354 1020 3426 archiepiscopus
1037 3352 1130 3420 Ebot„
1142 3351 1243 3422 praede·

96 3448 184 3487 curor
194 3433 302 3506 prefati
314 3433 516 3506 archiepiscopi,
528 3433 609 3488 finem
620 3433 727 3488 fecisset
744 3432 882 3487 nobiscum
899 3439 1065 3504 peruentum
1077 3431 1175 3484 solidos
1193 3448 1242 3502 pro

94 3508 209 3567 licencia
219 3512 304 3567 dandi
314 3513 442 3584 quasdam
458 3516 611 3566 tenemento
621 3512 652 3566 in
663 3511 774 3584 Ripton'
787 3512 849 3581 (ric)
863 3517 891 3565 et
903 3510 982 3564 Dalls
991 3509 1074 3583 juxto
1085 3509 1241 3578 Thornton’,

94 3589 355 3663 cuidamcapellano
373 3588 465 3645 divina
485 3589 600 3660 singulis
618 3588 713 3645 diebus
730 3590 802 3645 infra
822 3589 970 3643 manerium
991 3606 1070 3642 suum
1091 3588 1124 3642 ds
1145 3588 1242 3660 Ripon’

93 3668 273 3737 celebraturo,
282 3687 341 3735 ros,
353 3668 417 3724 licet
434 3669 562 3740 magister
573 3669 691 3723 Thomas
711 3670 745 3724 do
761 3668 862 3723 Sancto
881 3667 999 3735 Albano,
1011 3674 1137 3721 executor
1158 3675 1242 3722 testa·

93 3747 182 3803 menti
199 3747 308 3819 prefati
326 3747 527 3820 archiepiscopi,
539 3753 568 3802 ot
584 3755 785 3803 coexecutores
801 3748 845 3802 sui
862 3746 1016 3800 testamenti
1033 3745 1156 3818 predicti
1168 3746 1242 3800 suffi-

96 3825 198 3881 cienter
208 3826 325 3881 habeant
336 3825 458 3881 debonis
469 3842 530 3897 quae
542 3825 652 3881 fuerunt
670 3826 793 3897 praedicti
805 3825 929 3896 magistri
947 3824 1080 3878 Willelmi
1093 3825 1126 3879 (10
1140 3825 1241 3880 Grene-

95 3904 151 3961 feld
163 3905 235 3960 undo
254 3904 332 3961 nobis
343 3905 378 3960 ds
396 3905 475 3960 dictis
491 3910 599 3959 centum
611 3904 705 3959 solidis
722 3904 877 3959 satisfacere
897 3905 1015 3971 valeant,
1027 3903 1130 3958 omissis
1148 3910 1240 3957 tamen

94 3983 218 4055 prefatis
229 3982 418 4038 executoribus
429 3982 491 4038 illos
502 4001 519 4037 a
530 3982 644 4054 praefato
657 3983 856 4054 archiepiscopo
866 4000 912 4054 per
924 3983 1160 4037 commonicionem
1171 3981 1241 4036 dicti

94 4061 223 4118 marii
233 4061 315 4133 exigi,
327 4067 356 4116 et
373 4060 462 4133 ipsum
480 4078 511 4115 sa
528 4061 666 4116 occasione
684 4061 870 4132 multipliciter
890 4061 1034 4132 inquietari
1046 4060 1136 4115 facitis
1153 4061 1241 4114 minus

91 4138 174 4213 juste,
185 4141 215 4195 in
226 4140 311 4213 ipsius
322 4140 513 4213 archiepiscopi
524 4140 694 4213 dispendium
706 4157 759 4194 non
772 4140 906 4194 modicum
918 4146 946 4193 et
955 4156 1108 4210 gravamen.
1127 4140 1165 4193 Et
1177 4139 1240 4210 quia

95 4219 221 4274 nolumus
231 4219 303 4290 quod
314 4219 403 4274 eidem
415 4218 614 4290 archiepiscopo
627 4218 771 4291 injurietur
788 4218 818 4271 in
830 4219 881 4273 hac
893 4225 977 4290 parte,
990 4217 1069 4271 vobis
1081 4218 1240 4272 mandamus

93 4298 174 4369 quod,
185 4297 289 4352 vocatis
298 4313 390 4352 coram
401 4296 479 4352 robis
496 4296 531 4351 ad
543 4297 704 4352 scaccarium
716 4296 877 4369 predictum
889 4294 1075 4351 executoribus
1093 4295 1239 4367 praedictis,

92 4373 165 4448 ipsos
185 4375 220 4431 do
231 4374 368 4448 prtedrctis
378 4381 487 4431 eentum
498 4374 591 4431 solidis
609 4374 722 4440 onerari,
734 4382 761 4428 et
773 4375 918 4446 praeiatum
935 4373 1164 4445 archiepiscopum
1177 4371 1240 4424 iude

93 4451 233 4511 monasti
242 4452 357 4511 {mistis
392 4454 473 4509 Teste
485 4459 610 4528 utsupra
622 4453 711 4528 [Rege
723 4453 796 4525 apud
808 4453 970 4522 Eboracum,
981 4452 1049 4523 xxiij
1063 4451 1107 4507 die
1119 4451 1138 4505 J
1139 4447 1220 4521 unii].

1268 2515 1368 2576 fliron-
